1945 2615
336 109 420 145 216

278 180 311 212 ὃ(
335 180 474 212 subflavo
510 177 663 217 refertus;
686 177 762 211 foris
795 189 870 211 vero
891 177 1036 217 sanguine

106 216 426 268 QVARIA,1uffusus.
448 220 696 254 RioLANUs.

313 303 398 334 OBS.
412 311 498 339 ¹503·
517 303 604 331 Inter
621 298 781 331 sectionem
796 297 950 336 cujusdam
970 294 1033 329 foe-

272 344 386 378 minae,
408 341 444 372 de
467 344 559 371 dolore
589 341 622 375 ὀ·
654 351 764 371 tumore
796 344 826 369 in
860 340 1031 376 hypogastrio

270 380 376 412 dextro
399 380 512 420 saepius
535 379 679 417 querulae
697 400 706 415 ,
738 379 899 417 reperitur
928 385 1032 407 tumor

268 423 375 452 ovatio
396 421 504 453 dextro
527 418 645 452 tumido
664 418 812 455 adnatus;
833 415 916 454 quasi
937 426 1031 448 ovum

267 469 306 492 cx
326 472 386 492 ovo
408 461 630 501 protuberans.
655 458 928 492 RUYSCHIUS.

659 104 1013 146 LAESIONES
1055 101 1487 154 ABDOMINIS,

1126 180 1214 210 OBS.
1237 190 1323 216 ¹504·
1344 181 1378 210 1n
1399 178 1557 211 nonnullis
1574 179 1745 216 virginibus
1764 183 1853 220 hyste-

1087 221 1157 248 ricis
1178 217 1213 249 &
1236 222 1404 256 puerperis,
1427 218 1488 256 post
1511 218 1631 250 obitum
1652 219 1785 252 diffessis
1806 230 1852 253 te·

1085 256 1142 287 stes
1163 256 1375 296 atheromate‚
1398 258 1432 290 &
1465 259 1669 295 steatomate,
1696 262 1847 299 magnitu-

1083 295 1158 326 dine
1191 298 1287 334 pugni
1329 297 1476 330 distentos
1514 296 1543 329 se
1582 298 1688 332 vidiffe
1717 302 1848 335 testatur

1083 337 1328 370 RIOLANUS.

1124 416 1216 449 Haud
1237 415 1402 450 absimilem
1428 418 1532 452 casum
1555 417 1679 451 exhibet
1709 418 1863 454 observa-.

1083 457 1132 489 tio
1155 456 1241 490 Libri
1262 459 1303 491 11.
1325 469 1352 491 ι.

529 638 1351 684 ARTICULUS

1472 642 1572 682 IX.

822 755 999 815 Hydrops
1029 754 1245 796 avariorum
1258 782 1269 797 .

301 907 388 936 OBS.
409 913 494 940 1505·
516 902 635 934 Mulier
656 901 787 934 duorum
817 900 853 934 δε
875 903 1029 940 quinqua.

261 945 349 981 ginta
371 953 521 974 annorum
545 942 754 979 menstruans,
775 954 792 974 a
808 942 969 974 duodecim
982 951 1028 972 re-

260 992 313 1014 tro
324 985 412 1014 annis
434 982 502 1014 ruffi
524 992 632 1014 vexata
648 1003 657 1019 ,
679 982 741 1022 post
756 992 843 1014 venae
863 982 1027 1014 sestionem

260 1021 348 1055 fluxu
372 1023 526 1054 menstruo
547 1024 668 1054 caruit.
691 1023 787 1054 Paulo
819 1023 880 1061 post
911 1022 948 1054 de
980 1026 1027 1053 do-

260 1066 320 1093 lore
342 1068 375 1094 in
397 1066 570 1102 hypogastrio
591 1065 739 1101 queritur
770 1061 806 1094 &
841 1073 935 1093 tumet
956 1075 1027 1093 ven-

261 1111 326 1133 ter.
351 1102 416 1132 Post
448 1102 581 1132 mensem
610 1102 688 1134 dura
717 1104 819 1132 omnia
852 1100 1023 1139 deprehen·

260 1141 378 1171 duntur
400 1142 432 1169 in
456 1140 673 1178 hypogastri03
695 1141 777 1171 nulla
800 1139 1023 1172 fluctuatione.

260 1183 348 1212 Dein
370 1182 453 1210 inter
474 1178 691 1209 ambulandum
715 1199 724 1214 ‚
755 1178 888 1215 quodam
920 1179 1025 1210 dolore

257 1230 331 1252 cum
353 1218 588 1250 dilacerationis
609 1217 692 1250 sensu
723 1219 755 1248 in
789 1217 903 1250 sinistra
934 1217 1024 1249 abdo-

258 1260 353 1292 minis
376 1268 464 1296 parte
485 1258 675 1295 corripitur.
697 1260 744 1289 Ex
766 1257 823 1288 illo
854 1257 904 1289 die
927 1260 1024 1290 mani-

258 1298 332 1331 festa
365 1297 427 1329 fuit
459 1301 609 1328 humorum
643 1297 818 1327 undulatio‘
842 1297 877 1329 ἀ
911 1307 1022 1329 venter

257 1339 356 1376 m‘agis
397 1337 578 1376 protuberat
598 1358 604 1366 .
640 1335 785 1367 Instituta
821 1336 1023 1373 paracentefis

257 1377 420 1410 duodecim
444 1376 537 1407 libras
570 1375 707 1406 humoris
735 1373 811 1405 fusci
840 1374 875 1406 ὃς
908 1375 1022 1406 turbidi

256 1417 387 1449 eduxit.
410 1416 475 1447 Post
498 1416 574 1447 duos
602 1417 730 1446 circiter
761 1414 879 1446 menses
908 1417 1025 1453 repeti-

257 1467 312 1489 tur
335 1456 403 1488 haec
424 1457 568 1494 operatio
589 1475 599 1491 ,
628 1466 688 1492 qua
718 1464 891 1486 evacuatur
923 1455 1027 1486 similis

259 1498 341 1528 latex
367 1496 402 1527 ad
437 1497 533 1527 libras
561 1494 717 1526 sexdecim
738 1516 745 1524 .
778 1497 859 1526 Tum
890 1494 1025 1526 saeviunt

258 1540 430 1568 anxietates
453 1557 461 1572 ‚
493 1535 527 1572 &
560 1543 652 1573 urget
689 1534 825 1573 spirandi
855 1534 1025 1566 difficultas

258 1588 331 1607 cum
354 1575 474 1607 difficili
497 1575 643 1607 decubitu
675 1576 706 1606 in
741 1575 824 1606 latus
854 1575 1023 1606 finislrum.

260 1615 400 1687 'Eandem
426 1618 519 1647 variis
540 1614 687 1647 incassum
718 1617 847 1646 tentatis
875 1614 1024 1653 praelidiis

254 1667 272 1687 ο
297 1666 353 1686 ut.

295 1696 418 1732 Corpus
440 1696 548 1734 ingens
568 1692 688 1726 fuscum
719 1694 755 1728 ὃς
786 1695 899 1727 durum
922 1703 1024 1728 totum

255 1735 404 1774 replebat
425 1735 595 1772 abdomen,
618 1735 655 1766 ab
676 1738 735 1767 ima
758 1737 841 1775 pelvi
869 1736 905 1767 ad
928 1735 1024 1774 hepar

253 1775 289 1807 ἃ
315 1776 448 1808 lienem.
471 1778 632 1808 Accurato
653 1778 793 1808 examine
823 1778 926 1814 patuit
948 1787 1021 1807 ova-

251 1817 334 1848 :ium
364 1815 530 1852 dextrum,
559 1815 641 1853 quod
672 1824 808 1853 quatuor
839 1816 874 1848 δε
908 1817 1018 1854 viginti

253 1865 343 1892 aquae
366 1855 458 1886 libras
479 1856 680 1894 continebat·‚
711 1866 827 1895 praeter
861 1859 946 1887 varia
969 1864 1020 1887 tu·

256 1893 380 1926 bercula
403 1895 524 1926 sebacea
551 1905 606 1926 aut
627 1895 787 1933 ichoross,
817 1894 931 1932 quibus
961 1895 1008 1927 sca

257 1935 345 1965 rebat
371 1934 702 1970 piaediClumovarium
723 1934 919 1968 sacciforme.
940 1940 1021 1968 Ova-

252 1976 334 2004 rium
358 1973 504 2004 sinistrum
533 1977 561 2005 in
588 1979 688 2008 varios
703 1977 948 2016 degeneraverat
969 1985 1020 2008 tu·

251 2023 370 2045 mores.
391 2016 510 2046 Urerus
541 2024 679 2048 mutatus
709 2015 813 2048 fuerat
845 2019 876 2047 in
907 2017 1019 2049 duram

250 2051 447 2097 substantiam
471 2053 602 2086 difficile
625 2057 899 2095 perscindendam3
930 2056 965 2089 ἃ
986 2068 1019 2088 e-

251 2101 298 2129 Jus
322 2095 440 2125 cavitas
461 2093 525 2126 fere
546 2094 740 2128 oblitterata.
778 2100 876 2129 Pauca
898 2106 967 2128 erat
988 2109 1018 2129 a·

249 2143 311 2168 qua
336 2134 366 2161 in
389 2132 558 2165 abdominis
595 2145 699 2167 cavo:
730 2136 776 2167 {ed
806 2137 960 2175 stagnabat
982 2140 1012 2168 in

249 2170 360 2202 dextro
383 2169 518 2204 thoracis
543 2175 641 2207 latere
663 2176 700 2207 ad
723 2176 815 2208 libras
839 2186 918 2208 tres.
940 2178 1009 2210 Ple-

249 2221 306 2242 ΠΒ
329 2211 466 2249 insuper»
495 2213 694 2253 diaphragma
725 2215 759 2247 ἃ·
796 2217 1007 2248 mediastinum

245 2250 442 2325 gffssffimst
463 2251 774 2292 deprehendebantur
785 2280 791 2291 .
802 2258 935 2294 CLAR.
945 2260 1006 2293 DE

1120 904 1208 934 OBS.
1229 905 1315 940 1506.
1338 900 1528 934 Mulier-cula
1551 897 1680 934 duorum
1703 898 1739 933 ὃς
1769 909 1844 938 qua-

1078 940 1222 980 draginta
1240 953 1390 974 annorum
1409 952 1426 973 a
1449 941 1569 978 bubone
1589 940 1745 979 pestilenti
1764 941 1844 972 libe-

1079 990 1168 1018 rata,
1190 982 1282 1020 paulo
1305 982 1367 1021 post
1388 987 1484 1013 cruris
1506 982 1839 1017 dextritumescemiam

1081 1023 1218 1060 patitur.
1240 1024 1377 1054 'rumore
1397 1024 1429 1053 in
1450 1022 1515 1053 dies
1535 1021 1729 1053 increscente
1758 1029 1842 1057 aegre

1077 1061 1261 1094 incedebat.
1284 1064 1368 1095 Dein
1390 1073 1496 1093 venter
1527 1065 1662 1093 tumebat
1694 1060 1755 1091 sine
1777 1069 1842 1090 mo-

1079 1101 1164 1132 lestia
1185 1115 1197 1134 .-
1237 1102 1387 1133 mensibus
1424 1101 1602 1133 inordinate
1641 1099 1815 1131 fluentibus
1833 1118 1842 1130 ·

1078 1142 1230 1171 Triennio
1250 1151 1329 1173 ante
1347 1142 1486 1176 obitum,
1505 1142 1665 1179 appetitus
1684 1138 1842 1170 imminui-

1077 1187 1152 1214 tur,
1174 1179 1210 1210 ὅ(
1233 1181 1389 1217 respiratio
1413 1179 1448 1210 fit
1479 1183 1624 1217 difficilix.
1654 1181 1762 1209 serum
1792 1179 1841 1208 in-

1075 1218 1200 1249 terdum
1222 1228 1238 1249 e
1259 1229 1352 1251 crure
1371 1218 1562 1251 oedematoso
1584 1227 1638 1256 per
1656 1216 1840 1256 diapedefim

1074 1257 1191 1289 fluebat
1201 1268 1288 1290 certo
1313 1268 1466 1297 proventu
1477 1268 1548 1289 cum
1571 1256 1838 1288 solamine.Dein

1075 1299 1227 1329 intumuit
1264 1309 1315 1336 pes
1346 1298 1485 1336 finister3
1518 1305 1643 1329 tument
1675 1295 1841 1334 pudenda.

1073 1348 1142 1368 cnm
1165 1336 1331 1368 manifestis
1353 1337 1501 1375 hydropis
1523 1337 1664 1368 indiciis.
1695 1337 1843 1373 Ingrave-

1079 1378 1182 1407 scente
1204 1376 1326 1407 demum
1355 1376 1492 1414 spirandi
1520 1375 1709 1407 difficultate
1727 1397 1736 1412 ,
1765 1376 1841 1406 viri-

1081 1415 1196 1452 busque
1216 1415 1390 1450 exhaustis,
1413 1426 1428 1445 a
1451 1416 1557 1446 morbo
1579 1416 1682 1446 decem
1711 1416 1841 1446 circiter

1078 1465 1232 1486 annorum
1254 1454 1433 1486 succubuit.

1121 1494 1276 1528 Reserate
1297 1494 1458 1526 abdomine
1477 1516 1487 1532 ,
1516 1496 1546 1525 in
1577 1497 1717 1533 apricum
1752 1495 1840 1525 venit

1077 1537 1174 1567 moles
1195 1537 1323 1574 ingens,
1345 1544 1446 1566 utrem
1467 1545 1546 1571 aqua
1576 1536 1732 1574 repletum
1765 1532 1842 1566 refe-

1077 1588 1167 1609 rens,-
1192 1579 1245 1614 qui
1270 1585 1342 1607 uter
1366 1576 1407 1605 nil
1431 1574 1515 1605 aliud
1547 1583 1616 1606 erat
1647 1586 1737 1611 quam
1766 1585 1841 1605 ova-

1076 1620 1156 1649 sium
1181 1616 1325 1647 dextrum
1347 1618 1510 1647 continens
1530 1613 1587 1646 seri
1607 1614 1735 1646 subflavi
1757 1614 1840 1645 sexa-

1076 1660 1167 1694 ginta-
1187 1654 1300 1690 libias,
1321 1667 1390 1687 cum
1413 1656 1508 1686 variis
1527 1654 1710 1693 corporibus
1738 1654 1842 1686 diver-

1076 1697 1117 1728 sae
1148 1696 1236 1727 molis
1267 1695 1301 1728 &
1336 1705 1456 1727 naturae
1475 1716 1486 1731 ,
1517 1706 1652 1732 quorum
1693 1693 1836 1726 nonnulla

1074 1745 1165 1771 erant
1188 1736 1326 1772 famosa,
1351 1736 1515 1775 purulenta
1548 1735 1581 1768 &
1614 1735 1759 1773 putrida3
1791 1736 1836 1764 in-

1075 1787 1125 1809 ter
1148 1787 1219 1814 quae
1239 1777 1372 1816 plurima
1392 1776 1540 1814 patebant
1561 1776 1674 1807 ovula.
1697 1774 1782 1805 Tuba
1804 1782 1837 1803 e-

1074 1817 1189 1854 jusdem
1211 1818 1316 1848 lateris
1335 1825 1402 1847 erat
1434 1817 1526 1855 plane
1557 1816 1735 1846 oblitterata
1757 1825 1764 1843 z
1796 1823 1834 1844 ne

1071 1857 1197 1895 guttula
1218 1857 1343 1894 quidem
1366 1856 1426 1889 seri
1454 1855 1641 1887 extravasati
1674 1852 1833 1884 observata

1073 1896 1136 1929 fuit
1158 1899 1190 1928 in
1209 1895 1380 1929 abdominis
1401 1908 1498 1929 cavo.
1519 1895 1831 1928 ZVVINGERUS·

1113 1980 1198 2011 osss.
1225 1990 1311 2016 ¹507·
1334 1978 1483 2019 Quaedam
1502 1976 1613 2009 mulier
1634 1979 1832 2012 hemicrania.

1072 2018 1536 2058 convulſsonihus‚febribusque
1567 2021 1710 2048 tertianis
1740 2014 1831 2047 obno-

1072 2060 1121 2090 xia
1139 2079 1149 2095 ‚
1180 2059 1216 2089 de
1249 2062 1342 2088 dolore
1371 2061 1477 2087 lateris
1507 2059 1735 2094 conqueritur,
1757 2058 1828 2086 lotio

1070 2108 1291 2134 nonnunquam
1315 2108 1453 2133 cruento,
1484 2097 1517 2129 &
1549 2100 1708 2135 purulento
1728 2118 1735 2127 .
1767 2098 1827 2128 Pus

1066 2139 1161 2170 etiam
1185 2147 1241 2176 per
1262 2147 1353 2168 anum
1375 2136 1409 2168 &
1435 2146 1559 2168 uterum
1580 2144 1762 2168 excreverat
1793 2134 1828 2167 δε

1066 2189 1083 2209 a
1106 2187 1217 2208 venere
1236 2197 1245 2213 ,
1269 2186 1321 2214 per
1351 2178 1466 2208 multos
1493 2188 1590 2209 annos
1618 2176 1656 2209 ob
1691 2176 1829 2208 dolorem

1063 2216 1242 2249 abhorruit.
1264 2219 1349 2248 Dein
1375 2218 1600 2256 protuberante
1631 2218 1766 2257 primum
1785 2216 1827 2246 la-

1063 2266 1130 2289 tere
1149 2257 1259 2288 dextro
1280 2256 1470 2297 abdomini53
1493 2267 1578 2289 totus
1591 2261 1741 2289 intumuit
1751 2269 1825 2286 ven-

1061 2307 1129 2334 ter,
1149 2310 1213 2328 cum
1236 2303 1372 2329 maximis
1394 2297 1560 2331 doloribus.
1573 2297 1735 2330 Accedunt
1755 2307 1825 2335 pro-

1061 2338 1171 2370 stremo
1191 2338 1322 2371 raucedo
1344 2339 1379 2373 ὅ(
1401 2338 1538 2378 spirandi
1559 2339 1749 2377 difficultas·‚
1783 2337 1818 2370 δε

1717 2381 1778 2419 post
