1945 2615
313 101 363 137 16

250 173 323 202 ninx
349 171 418 201 leve
439 170 532 202 etiam
567 168 726 206 praebebat
756 167 1011 200 inflammationis

74 227 214 257 VENTRI
248 212 419 242 indicium.
441 213 535 242 Parca
559 209 683 240 demum
705 209 763 240 seri
785 210 874 248 copia
906 207 1010 245 passim

69 274 188 297 CUI-os
199 287 206 296 .

246 251 426 283 observatur
459 253 489 281 in
532 253 626 281 variis
655 249 775 281 cerebri
813 248 982 282 receffibus
1003 270 1010 280 .

246 293 382 324 CLAR.
403 292 712 324 MORGAGNUS·

284 376 369 406 OBS.
390 383 437 410 72.
461 373 522 403 Vir
551 370 820 409 quadragenarius
854 369 1010 407 graviori-

241 412 298 445 bus
316 411 559 451 cogitationibus
583 411 747 446 distentus,
771 410 808 441 de
831 409 939 440 dolore
961 419 1011 439 ca-

243 455 318 492 pitis
342 453 376 486 <Sc
397 450 789 491 stranguriaquerebatur.
810 448 874 480 Post
886 458 1011 480 coenam

241 496 369 525 immani
392 497 564 531 cardialgia
585 492 780 528 corripitur,
813 491 843 519 in
877 488 941 520 dies
963 489 1011 518 in-

242 534 459 573 gravescente.
480 535 602 564 Interea
635 531 786 562 colluvies
816 527 925 559 viridis
957 538 1012 566 per

241 585 275 606 os
297 574 331 606 &
356 574 461 605 alvum
483 574 633 611 ejicitur,
665 580 699 601 ac
724 571 819 602 tertio
850 568 899 600 die
930 570 1014 600 inter

242 613 411 646 ferociores
443 612 611 645 ventriculi
642 610 765 642 dolores
794 610 1014 648 extinguitur.

283 652 605 687 Lustratocadavere,
628 653 783 690 reperitur
805 648 921 680 fundus
939 659 1012 680 ven-

242 697 349 726 triculi
383 693 510 725 maculis
541 691 714 730 sanguineis
746 690 906 723 distinctus
927 710 937 726 ‚
971 691 1016 719 in-

243 734 421 766 flammatus
442 734 476 765 ὅ(
499 731 534 763 ad
559 741 757 772 gangraenam
784 739 935 768 vergens.
957 729 1014 765 Nil

244 785 397 814 praeterea
419 774 618 805 adnotatione
637 772 766 809 dignum
784 770 846 802 fuit
869 773 898 801 in
921 780 1016 802 caete-

243 818 289 848 tis
313 815 472 856 partibus.
492 814 628 847 CLAR.
651 812 943 846 MORGAGNUS
957 834 965 844 .

286 899 371 930 OBS.
394 909 442 935 73.
471 895 604 939 Quidam
625 896 748 934 juvenis
774 895 835 934 post
860 892 1015 926 inconsul-

246 945 313 968 tum
326 959 334 973 ‚
356 937 600 970 &immodicum
614 939 807 976 ,hydrargyri
818 936 923 972 usum,
940 934 1015 965 illuc

246 978 322 1009 abiit
349 978 429 1008 unde
454 986 565 1015 negant
589 976 691 1008 redire
716 986 902 1014 quemquam
921 998 929 1007 .

287 1021 388 1049 Prima
408 1017 579 1049 abdominis
611 1016 764 1053 sefflone,
785 1015 909 1047 intafiis
939 1016 1017 1045 inte.

247 1058 352 1093 ssinis,
371 1060 509 1095 erumpit
522 1059 652 1088 maxima
665 1056 901 1094 flatuumcopia
914 1058 1016 1086 ,Ven-

247 1098 378 1129 triculus
401 1099 502 1127 inanis
523 1095 633 1126 faciem
657 1098 812 1126 internam
844 1094 1017 1125 inflamma-

249 1147 311 1169 tam
333 1136 495 1168 exhibebat
510 1159 516 1166 .
541 1134 647 1166 Paffim
670 1134 890 1166 observabatur
913 1135 944 1164 in
968 1142 1016 1164 tu-

247 1177 285 1209 bo
309 1177 476 1208 intestinali
501 1175 796 1207 mercuriuscrudus
815 1195 824 1211 ‚
849 1185 907 1205 non
932 1173 1017 1204 secus

247 1229 284 1250 ac
307 1218 409 1255 pulvis
432 1218 607 1255 nigricans,
638 1214 783 1254 aetbiopis
805 1215 899 1245 instar
922 1216 1017 1244 mine-

249 1258 340 1290 ralis.
370 1258 469 1289 Colon
495 1265 649 1295 praeterea
679 1256 791 1288 summe
823 1255 988 1286 distentum
1012 1274 1021 1289 ,

251 1298 353 1337 passini
388 1297 616 1328 inflammatum
640 1296 674 1328 ὅ(
699 1295 882 1327 {cirrhosum
913 1304 1022 1325 occur-

251 1340 314 1371 rit.
338 1340 398 1371 EX
424 1339 551 1369 ACTlS
572 1337 944 1368 LONDINENSIBUS.

291 1421 375 1452 OBS-
401 1430 446 1455 74.
472 1419 533 1449 Vir
555 1420 697 1454 quinque
720 1415 754 1448 ὃ(
780 1416 911 1453 triginta
934 1423 1027 1443 anno-

252 1471 320 1492 rum
335 1481 342 1495 ,
364 1457 540 1489 cholericus
561 1457 595 1489 &
622 1468 713 1488 vorax
727 1480 736 1495 ‚
766 1459 869 1494 rigore
890 1454 1025 1491 corripi-

254 1510 306 1532 tur
321 1521 330 1536 ‚
351 1510 440 1536 quam
453 1499 571 1535 excipit
587 1498 683 1535 febris
706 1499 845 1532 intenia,
867 1499 959 1525 dolore
974 1497 1026 1530 sto.

252 1544 350 1572 mach?
372 1537 580 1572 acerbissime,
602 1537 637 1569 &
661 1541 777 1569 vomitu
794 1536 911 1568 enormi
937 1534 1027 1571 stipa-

253 1591 302 1612 ta.
328 1577 653 1616 Tumetepigastrium
669 1598 677 1613 ‚
701 1578 872 1616 &ingruit
894 1572 1029 1613 spirandi

254 1619 441 1652 difficultas·
472 1621 564 1650 Mens
594 1617 826 1656 obnubilatur3
857 1621 1029 1652 erumpunt

255 1661 380 1692 sudores
400 1657 529 1697 frigidi,
554 1668 624 1689 cum
645 1667 856 1690 extremorum
868 1654 1030 1693 refrigera-

258 1703 364 1738 tione3
386 1700 472 1731 brevi
494 1699 628 1736 denique
651 1698 775 1730 lustrica
797 1708 877 1736 opus
899 1694 981 1726 fuit.

301 1744 425 1780 Aperto
463 1738 612 1770 cadavere
642 1741 673 1769 in
706 1738 903 1778 conspectum
943 1734 1029 1767 venit

261 1781 460 1812 ventriculus
483 1778 618 1817 phlogofi
645 1778 767 1816 tastus,
797 1778 832 1811 δε
858 1776 960 1816 pamm
985 1775 1032 1814 sy·

259 1821 406 1859 deratu53
440 1821 494 1857 qui
523 1819 647 1857 insuper
680 1820 763 1851 ultra
786 1818 909 1850 modum
932 1825 1032 1848 turne-

258 1861 310 1892 bat
331 1882 339 1896 ‚
370 1860 404 1892 &
437 1859 608 1896 aeruginosa
639 1860 778 1892 colluvie
810 1858 944 1891 scatebat
965 1879 973 1890 .
1006 1858 1031 1889 E

262 1903 446 1934 NOSTRIS
472 1901 798 1936 ADVERSARIIS.

303 2024 388 2055 03¹8.
420 2034 468 2060 75·
496 2022 628 2064 Quidam
662 2024 785 2061 juvenis
807 2044 816 2060 ‚
857 2019 1033 2060 vigesimum

264 2072 412 2101 quartum
435 2068 539 2094 aetatis
559 2075 675 2094 annum
706 2074 818 2102 agens,
849 2062 887 2094 de
918 2061 1034 2093 summo

264 2104 358 2135 dolore
381 2104 463 2134 circa
485 2102 690 2135 scrobiculum
712 2104 836 2140 cordis,
858 2106 1034 2141 vomituque

266 2142 491 2179 molestiffimo,
516 2154 568 2182 per
590 2145 692 2183 plures
712 2144 1039 2183 septimanasconque-

266 2183 412 2222 rebatur;
437 2194 498 2221 quo
511 2184 633 2215 demum
645 2184 833 2217 exacerbato
846 2183 920 2216 fatis
937 2181 1041 2216 cessit.

311 2227 506 2257 Exenterato
523 2223 695 2261 cadavere,
718 2227 880 2257 invenitur
903 2227 1042 2264 pericar-

268 2265 354 2297 dium
375 2275 453 2303 aqua
479 2264 560 2296 ultra
578 2264 702 2296 modum
733 2266 920 2298 distentum.
957 2267 1037 2299 Lien

268 2304 334 2337 fere
363 2313 449 2338 totus
476 2303 678 2344 consumptus
707 2307 848 2337 occurrit
868 2320 879 2339 ‚-
908 2317 979 2338 cum
1009 2318 1040 2338 o-

269 2354 376 2379 mento
413 2344 638 2385 gangraenoso,
677 2348 833 2379 Praeterea
873 2347 1040 2381 ventriculi

644 94 1002 137 LAESIONES
1053 92 1479 142 ABDOM1N18‚

1063 165 1178 199 fundus
1219 165 1430 198 inflammatus
1469 165 1630 197 materiam
1671 164 1836 204 quamdam

1063 207 1216 239 mucosam
1237 207 1438 239 continebat.
1460 209 1653 239 BLASIUS.

1104 289 1189 318 OBS.
1212 291 1258 323 76·
1291 286 1393 318 Pictor
1424 286 1612 318 consistentis
1642 288 1747 319 aetatis
1775 288 1834 317 im-

1064 330 1146 357 mani
1179 330 1298 363 colica,
1329 336 1422 364 quam
1455 331 1653 358 saturninam
1686 335 1799 357 vocant
1824 346 1835 362 ‚

1063 368 1255 405 corripitur.
1286 367 1420 398 Accedit
1441 366 1598 405 sanguinis
1618 367 1767 406 sputum3
1797 365 1834 399 ὃ(

1064 406 1304 444 ingravescente
1328 406 1434 438 morbo
1455 407 1551 438 obiit.

1108 447 1269 478 Pulmones
1305 445 1340 479 &
1385 447 1493 485 plevra
1526 448 1626 478 varias
1664 446 1838 478 inflamma-

1064 488 1158 518 tionis
1182 495 1268 517 notas
1295 485 1481 519 exhibebant
1513 498 1583 518 cum
1616 487 1774 525 stagnante
1795 485 1836 517 se-

1068 539 1103 559 ro
1135 529 1165 557 in
1197 527 1311 558 dextro
1334 528 1465 566 pectoris
1487 527 1605 559 latere.
1629 526 1767 558 Somachi
1789 525 1836 557 fa.

1065 570 1130 599 cies
1161 569 1291 598 interior
1331 566 1523 599 inflammata
1560 567 1808 606 deprehenditur
1828 591 1837 601 .

1067 609 1260 640 Duodenum
1283 607 1418 645 jejunum
1438 608 1473 640 ὃς
1497 609 1590 640 ileum
1613 610 1715 639 varias
1736 611 1833 640 etiam

1068 647 1247 688 phrogoseos
1276 657 1364 680 notas
1386 658 1451 687 prae
1475 647 1504 678 se
1526 646 1689 680 ferebant.
1723 651 1836 687 Hepar

1068 690 1207 721 occurrit
1230 689 1340 725 ingens
1365 687 1400 720 &
1425 688 1635 727 obstruitunu
1657 699 1692 720 ac
1715 689 1838 721 demum

1069 737 1216 768 pancreas
1252 727 1338 759 simili
1367 727 1456 760 modo
1485 727 1622 761 afficitur
1640 750 1648 761 .
1683 731 1709 761 Ε
1740 731 1838 763 D1A-

1068 772 1147 803 Rlo
1171 770 1367 802 MEDICO.

1107 854 1192 883 OBS.
1218 863 1264 889 77.
1296 854 1329 883 In
1354 849 1504 882 cadavere
1526 849 1682 888 cujusdam
1715 850 1842 889 pistoris

1068 893 1173 924 eadem
1206 895 1297 922 colica
1330 891 1461 927 sublati,
1493 890 1730 922 inveniebantur
1764 893 1842 921 inte-

1069 932 1145 964 stina
1178 934 1272 963 variis
1301 933 1332 962 in
1365 932 1439 962 locis
1468 931 1626 962 contracta
1647 952 1656 967 ,
1687 931 1722 963 &
1756 929 1841 968 quast

1071 973 1261 1010 strangulata
1285 993 1294 1007 ,
1333 982 1404 1002 cum
1436 970 1683 1002 numerosissimis
1713 971 1842 1002 maculis

1069 1012 1286 1045 rubro-lividis
1326 1012 1360 1044 &
1392 1011 1628 1050 gangraen01353
1668 1011 1844 1050 praesertim

1069 1055 1101 1084 in
1127 1052 1225 1083 trastu
1260 1053 1355 1088 jejuni
1380 1052 1414 1083 ὅ(
1437 1053 1510 1086 ilei,
1533 1062 1666 1088 quorum
1701 1053 1767 1082 vasa
1799 1051 1844 1082 ul-

1070 1101 1119 1123 tra
1140 1092 1263 1122 modum
1288 1091 1468 1122 tumebant.
1493 1091 1675 1122 Stomachus
1705 1092 1845 1128 denique

1070 1134 1164 1162 variis
1187 1130 1442 1162 inflammationis
1468 1133 1548 1161 notis
1572 1130 1728 1168 signatus,
1753 1131 1844 1161 latio-

1069 1182 1120 1203 res
1145 1173 1278 1203 maculas
1310 1170 1634 1208 livido-nigricantes
1669 1182 1732 1210 prae
1752 1171 1782 1203 se
1804 1169 1848 1202 fe-

1075 1212 1180 1243 rebat.
1202 1213 1227 1244 E
1252 1213 1412 1243 DIARIO
1437 1214 1639 1245 MEDICO.

1116 1295 1202 1323 OBS.
1224 1295 1270 1328 78.
1294 1291 1426 1333 Quidam
1448 1292 1570 1328 juvenis
1588 1301 1723 1329 quatuor
1747 1293 1782 1325 ὅ(
1805 1293 1849 1322 vi-

1076 1335 1156 1369 ginti
1187 1342 1282 1361 annos
1307 1341 1490 1366 numeram,
1522 1330 1592 1362 usus
1615 1329 1741 1369 fuerat,
1773 1331 1847 1363 dum

1079 1373 1213 1402 maxime
1235 1372 1374 1407 caleret,
1397 1369 1512 1409 frigido
1537 1381 1631 1410 potu.
1657 1373 1770 1404 Altero
1795 1373 1846 1404 die

1079 1415 1185 1441 delirio
1220 1410 1393 1442 vehementi
1425 1413 1675 1450 corripiebatur,
1708 1413 1782 1444 adeo
1814 1423 1847 1445 ut

1077 1452 1114 1482 ab
1136 1451 1325 1484 adstantibus
1346 1450 1479 1483 detineri
1503 1455 1550 1485 vix
1575 1456 1734 1492 potuerit*²
1766 1458 1849 1486 inter

1079 1492 1162 1530 quod
1185 1492 1282 1523 obiit.

1123 1531 1223 1563 Inciso
1245 1531 1408 1563 abdomine
1427 1533 1644 1571 reperiebatur
1667 1542 1752 1566 totus
1776 1544 1850 1565 ven-

1081 1573 1215 1604 triculus
1237 1571 1469 1608 inflammatus,
1499 1572 1533 1604 &
1560 1575 1697 1613 repletus
1720 1577 1850 1605 materia

1081 1613 1213 1650 quadam
1238 1612 1360 1643 mucosa
1382 1614 1505 1650 qualem
1527 1616 1644 1649 aliquoi
1668 1615 1777 1648 diebus
1797 1626 1850 1646 an-

1083 1660 1115 1684 te
1137 1652 1258 1685 obitum
1281 1663 1480 1686 accreverat.
1503 1657 1723 1689 BONETUS.

1124 1735 1276 1772 OBS.79-
1300 1735 1433 1778 Quidam
1457 1736 1519 1775 post
1543 1736 1727 1774 assumptum
1749 1746 1854 1768 extra-

1084 1777 1167 1809 &um
1197 1777 1324 1807 ellebori
1361 1779 1471 1814 nigri,
1502 1776 1612 1807 incidit
1645 1781 1673 1807 in
1706 1777 1767 1807 alvi
1793 1777 1855 1809 flu.

1085 1830 1180 1853 xum,
1211 1821 1323 1848 vomitu
1347 1819 1464 1847 enormi
1487 1816 1522 1848 ὅ(
1546 1816 1752 1848 atrocioribus
1780 1831 1855 1849 ven-

1086 1865 1143 1890 tris
1176 1861 1350 1888 torminibus
1383 1857 1548 1895 stipatum,
1581 1858 1634 1894 qui
1666 1867 1783 1895 aegrum
1816 1859 1855 1890 ad

1085 1900 1218 1930 libitinae
1241 1901 1391 1928 rationem
1418 1897 1503 1929 brevi
1528 1898 1633 1929 ducit.

1127 1939 1213 1971 Sesto
1243 1938 1392 1969 cadavere
1422 1937 1619 1969 ventriculus
1649 1937 1859 1976 deprehendi.

1086 1990 1140 2013 tur
1162 1977 1388 2010 inflammatus.
1422 1980 1491 2009 Hac
1514 1978 1579 2009 labe
1603 1978 1681 2008 tadla
1711 1981 1805 2009 etiam
1829 1979 1859 2011 se

1088 2020 1228 2060 praebent
1253 2020 1359 2050 tenuia
1382 2018 1546 2052 intestina.
1582 2020 1716 2052 CLAR.
1739 2022 1859 2052 MOR-

1089 2062 1293 2094 GAGNUS.

1132 2144 1218 2174 OBS.
1242 2144 1289 2172 30.
1310 2142 1345 2172 In
1368 2140 1520 2172 cadavere
1543 2140 1699 2178 cujusdam
1731 2152 1748 2173 e
1776 2142 1862 2179 capi-

1093 2184 1134 2215 tis
1156 2184 1242 2221 gravi
1266 2182 1395 2213 vulnere
1420 2181 1553 2220 sublati3
1574 2184 1629 2219 qui
1653 2182 1785 2215 ardorem
1800 2193 1863 2212 ma-

1093 2226 1208 2256 ximum
1240 2226 1318 2254 circa
1345 2223 1541 2259 scrobiculum
1573 2227 1665 2253 cordis
1706 2221 1861 2261 perpessus

1091 2263 1386 2301 fuerat,invenitur
1425 2262 1603 2301 superficies
1633 2265 1770 2295 exterior
1799 2264 1861 2293 oris

1093 2305 1284 2340 ventriculi,
1315 2304 1443 2335 maculis
1466 2304 1585 2340 rubris,
1615 2303 1728 2335 morsus
1759 2302 1865 2334 formi-

1093 2355 1199 2379 carum
1222 2344 1335 2384 instar,
1359 2343 1492 2384 fignata.
1513 2345 1839 2416 SOLENANDlilgR.

1529 2412 1531 2415 .
1738 2389 1766 2418 O
1796 2388 1824 2418 S.
