1945 2615
317 104 399 131 210

80 219 231 250 Ovum.

520 224 1333 267 ARTICULUS

627 89 984 131 LAESIONES
1036 89 1466 141 ABDOMINIS,

1456 227 1557 268 ΙΙΙ..

869 340 998 381 Foetus
1030 337 1071 380 in
1101 336 1212 380 tuba·

287 492 373 522 OBS.
397 493 482 526 1465.
515 490 635 521 Mulier
657 496 792 526 quatuor
815 484 851 519 &
881 487 1014 527 triginta

247 540 343 561 annos
366 539 436 559 nata
458 550 467 565 ,
501 530 561 567 post
586 528 770 560 decennium
795 531 907 565 sterilis
938 538 1012 558 con-

247 569 341 608 iugii,
364 568 490 600 tandem
514 571 759 607 impraegnatur.
786 568 897 598 Tertio
915 568 1012 605 geila-

245 610 341 641 tionis
365 607 464 640 mense
494 606 595 640 foetus
618 609 786 639 motionem
818 609 901 638 circa
923 607 1012 639 ilium

246 648 399 681 sinistrum
422 647 592 687 persentit.
614 649 736 690 Quinto
756 646 794 677 de
815 649 938 684 pondere
956 660 1013 678 mo-

249 692 304 720 bili
326 698 374 727 per
397 691 536 720 abdomen
558 692 722 726 queritur.
745 687 840 718 Paulo
863 687 926 725 post
951 689 1014 718 ma.

246 729 277 760 le
297 727 325 760 se
347 728 459 759 habere
481 729 583 767 coepit
607 739 616 768 ·,
645 730 798 765 ingruunt
820 726 942 759 scilicet
964 741 1013 758 vo-

248 774 404 804 mim'ones,
425 767 606 800 &saeviunt
628 773 744 799 ventris
768 771 920 804 tormina,
941 777 1013 799 cum

249 809 384 841 tenesmo
405 831 412 840 .
447 809 566 841 ociavo
589 808 691 840 mense
722 807 913 839 exacerbatis
932 807 1013 845 {ym-

248 848 437 888 ptomatibus
457 849 570 887 dejecit
598 847 746 880 nonnulla
768 847 868 880 foetus
892 847 1013 886 putridi

247 888 306 920 offa
328 911 337 926 ,
366 887 400 920 &
423 888 493 919 dein
519 898 618 920 totum
641 887 739 923 ferme
768 886 885 920 foetum
918 898 1016 919 mem·

247 929 382 964 tuatim,
413 939 483 960 cum
506 929 689 961 materiebus
717 925 861 960 ichorofis
883 937 939 966 per
961 938 1013 966 po.

247 969 349 1000 dicem
372 970 462 999 enixa
483 967 563 1001 fuit.
595 968 768 1001 Nonnullis
797 967 908 1006 elapsis
929 978 1013 999 men-

249 1009 326 1040 fibus
349 1010 430 1039 inter
453 1007 538 1041 hasce
561 1009 713 1047 angustias
736 1007 857 1039 tandem
876 1008 972 1039 obiit.

290 1048 376 1081 Sesto
405 1048 555 1081 cadavere
583 1051 614 1080 in
645 1048 844 1086 conspeistum
867 1050 953 1079 venit
981 1058 1013 1078 o-

251 1098 389 1120 mentum
414 1089 613 1120 finistrorsum
639 1088 843 1128 protensum,
873 1087 908 1120 &
931 1089 1014 1125 peri-

249 1138 343 1160 toneo
365 1127 508 1163 haerens,
532 1139 591 1158 non
615 1129 701 1158 secus
725 1138 760 1157 ac
782 1129 890 1157 ovatio
913 1127 947 1157 ἀ
962 1136 1013 1155 ve-

251 1168 336 1199 sicae.
358 1166 535 1198 Intestinum
558 1167 649 1198 ileum
673 1167 773 1196 varias
795 1164 1013 1195 inflammatio*

250 1209 298 1239 nis
319 1215 408 1238 notas
438 1205 599 1237 exhibebat
620 1229 627 1237 .
658 1207 775 1236 Uter-us
796 1213 864 1234 erat
892 1205 1014 1235 incolu-

247 1249 328 1279 mis.
351 1246 494 1277 Placenta
507 1257 582 1277 vero
603 1246 767 1277 invenitur
788 1242 953 1275 denfiffima
977 1243 1012 1275 &

250 1287 412 1324 albicans·‚
445 1285 572 1317 fimbriis
593 1286 675 1317 tubae
699 1285 887 1322 Fallopianae
912 1305 921 1320 ‚
953 1295 1013 1314 non

249 1327 335 1358 secus
356 1336 390 1357 ac
415 1326 558 1356 intestino
578 1326 647 1356 colo
670 1324 875 1361 impiatum,
898 1324 948 1353 cui
972 1325 1015 1354 ul.

251 1377 323 1398 cere
343 1365 431 1396 exeso
447 1386 457 1400 ,
489 1365 524 1397 &
548 1363 706 1402 perforato
728 1362 830 1393 hiabat
855 1362 1013 1400 placenta.

250 1408 385 1439 CLAR.
407 1406 612 1438 BIANCHI.

1105 488 1291 524 OBS.1466.
1312 486 1464 531 Quaedam
1486 487 1613 527 gravida
1637 497 1774 528 quatuor
1797 489 1834 523 δε

1068 528 1179 566 viginti
1201 538 1372 566 annorum,
1403 538 1511 560 novem
1543 529 1649 567 elapsis
1679 529 1831 562 mensibus

1067 567 1097 597 in
1121 570 1365 605 parturientium
1389 568 1512 600 dolores
1540 569 1653 600 incidit
1669 583 1680 601 ‚·
1714 569 1762 600 sed
1784 572 1833 600 in-

1065 606 1176 640 cass'um
1197 630 1204 638 .
1240 615 1341 637 Venter
1374 609 1473 645 postea
1503 608 1592 640 simili
1623 607 1719 640 ferme
1742 609 1833 641 modo

1066 658 1160 678 tumet
1184 667 1194 683 ‚
1227 646 1286 678 sine
1310 656 1412 678 tamen
1445 656 1553 685 magna
1583 649 1739 681 molestia.
1769 649 1832 682 Sub

1065 686 1122 718 hoc
1145 687 1224 719 statu
1253 696 1477 724 nonnunquam
1500 696 1669 719 recurrunt
1699 694 1832 721 tormina

1066 732 1215 758 atrociora
1235 749 1243 759 .
1275 729 1375 757 Febris
1403 725 1526 757 tandem
1556 727 1695 764 exsurgit
1720 749 1729 764 ,
1758 738 1832 760 cum

1065 766 1214 799 diarrhaea
1235 768 1376 802 enormi,
1410 766 1445 798 &
1471 768 1589 797 ventris
1619 765 1798 798 subsidentia
1821 790 1832 800 .

1065 808 1175 839 Rebus
1207 807 1356 845 postremo
1387 808 1418 837 in
1448 807 1534 844 pejus
1564 806 1726 838 ruentibus
1746 808 1830 838 circa

1065 847 1230 885 septimum
1253 859 1269 877 a
1294 848 1393 885 primo
1414 846 1613 884 graviditatis
1640 846 1756 878 indicio
1778 856 1834 877 an-

1070 898 1142 919 num
1164 886 1200 918 ad
1225 888 1330 925 plures
1354 889 1466 924 migrat
1483 909 1493 918 .

1109 927 1265 959 Reserato
1287 926 1448 958 abdomine
1474 927 1709 967 reperiebantur
1732 925 1833 957 infan-

1066 968 1107 999 tis
1126 967 1184 998 olla
1206 968 1327 1005 integra
1342 989 1350 1004 ,
1376 970 1420 998 uti
1445 968 1607 1000 videbatur
1625 966 1832 1002 decimestris‚

1066 1009 1098 1037 in
1122 1008 1194 1038 tuba
1208 1008 1386 1045 Fallopiana
1411 1006 1522 1039 finissra
1537 1030 1546 1045 ,
1566 1019 1638 1045 quae
1649 1007 1831 1039 densitatem

1066 1047 1102 1079 &
1125 1045 1288 1078 craffirlem
1314 1049 1394 1078 uteri
1417 1058 1637 1080 contraxeram
1670 1046 1832 1083 variasque

1066 1097 1242 1125 gangraenae
1266 1087 1547 1118 notasexliibebat
1565 1111 1572 1118 .
1606 1087 1704 1119 Simili
1733 1085 1831 1116 ferme

1066 1127 1134 1156 labe
1155 1125 1349 1158 afficiebatur
1361 1125 1671 1157 haerensintestinnm
1693 1125 1830 1160 reChrm.

1066 1167 1098 1195 in
1123 1166 1205 1202 quod
1231 1165 1302 1195 tuba
1327 1168 1438 1203 pervio
1459 1165 1611 1196 foramine
1633 1165 1758 1204 hiabat3
1776 1163 1832 1194 ad-

1065 1214 1101 1235 eo
1127 1213 1161 1234 ut
1183 1212 1323 1235 tumores
1343 1215 1413 1236 cum
1445 1206 1592 1236 carnibus
1617 1204 1749 1242 putridis
1771 1213 1829 1242 per

1066 1243 1180 1274 hancce
1211 1246 1290 1274 viam
1320 1246 1441 1275 exitum
1477 1245 1526 1275 fibi
1559 1252 1743 1283 paraverant
1765 1264 1773 1276 .
1802 1244 1830 1274 E

1067 1286 1231 1316 DIARIO
1255 1286 1451 1317 MEDICO.

1109 1366 1193 1392 Inter
1224 1363 1331 1394 affines
1364 1365 1518 1394 numerari
1549 1362 1661 1394 debent
1688 1361 1831 1395 observa-

1070 1403 1168 1432 tiones
1191 1401 1304 1432 Lib.1.
1330 1406 1424 1438 1476,
1456 1406 1551 1438 1473,
1585 1414 1671 1439 ¹753·
1702 1401 1832 1440 Insuper

1070 1441 1139 1471 vzde
1161 1448 1264 1473 Foetus
1287 1452 1372 1474 extra
1396 1451 1532 1472 uterum.

305 1558 1782 1585 <avttOstOuOJO‘O‘tessossffl'ffissosson'ffiffff'ostosvuffiffffffssffiff

525 1646 1341 1689 ARTICULUS

1464 1646 1560 1686 IV.

843 1765 992 1805 Ovaria
1032 1767 1220 1806 tumentia
1231 1795 1240 1806 .

290 1897 375 1927 0133.
401 1898 488 1931 14⁶7·
521 1893 652 1926 Cuidam
683 1893 806 1925 mulieri
831 1903 936 1923 venter
959 1897 1014 1932 pose

250 1940 432 1973 puerperium
463 1937 494 1966 in
530 1943 648 1965 tantam
679 1934 922 1972 magnitudinem
950 1933 1013 1964 sen-

254 1974 304 2004 sim
325 1980 492 2005 increverat
525 1983 559 2006 ut
584 1976 650 2012 ejus
672 1974 805 2005 ambitus
834 1973 1014 2004 continebat

251 2016 389 2051 quinque
412 2015 501 2053 pedes
523 2016 725 2053 geometricos
740 2037 748 2047 .
785 2013 930 2046 Miseram
962 2012 1014 2043 sub

253 2053 309 2084 hac
334 2063 435 2085 rerum
455 2056 634 2088 conditione
655 2054 839 2092 aliquandiu
863 2055 958 2085 traz‘it
973 2054 1016 2082 vi-

252 2102 335 2124 tam.
369 2094 504 2126 Tandem
527 2095 633 2127 triduo
655 2104 727 2127 ante
749 2095 866 2126 obitum
886 2116 895 2130 ‚
922 2101 1015 2131 wapro

254 2132 398 2164 umbilico
428 2135 510 2167 ultra
539 2135 707 2167 ofiodecim
740 2146 830 2172 aquae
865 2133 1014 2164 naa-,surae

252 2171 465 2210 effluxerunt,
491 2176 650 2212 paululum
672 2174 843 2206 subsidente
865 2187 898 2206 v.:
916 2183 996 2205 itre-

305 2212 446 2244 Lustrato
478 2224 608 2252 corpore
629 2237 638 2251 ,
669 2217 865 2253 τερεῑῑυητιι.
902 2214 1014 2248 τὶιζὶηῑί

253 2262 342 2290 aquae
367 2252 556 2285 znensuraein
570 2255 748 2286 abdomine.
769 2257 922 2287 ovarixm
945 2254 1015 2284 dex-

257 2302 340 2324 trum
370 2292 406 2323 ad
426 2296 478 2326 ovi
512 2293 645 2325 anserini
675 2295 917 2332 magnitudinem
942 2300 1016 2326 'erat

258 2332 440 2370 adamum,
471 2333 562 2373 pilis,
592 2333 627 2366 &
656 2337 784 2367 materia
807 2335 938 2373 quadam
959 2344 1015 2372 pu-

1067 1892 1190 1922 rulenta
1211 1913 1221 1928 ,
1259 1891 1431 1929 oleoginosa
1469 1875 1509 1922 &.
1535 1891 1603 1922 alba
1633 1888 1799 1922 infantium
1821 1912 1831 1923 0

1067 1933 1196 1964 FABR.
1217 1933 1469 1964 HILDANU&

1108 2014 1196 2044 OBS.
1226 2015 1313 2047 1468.
1343 2015 1375 2042 In
1416 2009 1564 2041 cadavere
1598 2009 1799 2048 pauperculae
1821 2032 1831 2046 ,

1068 2055 1190 2092 hydrope
1211 2051 1389 2086 defunclae,
1410 2049 1558 2080 abdomen
1584 2049 1765 2081 continebat
1786 2050 1832 2081 se-

1068 2097 1095 2124 ri
1117 2090 1318 2129 limpidioisto
1339 2090 1372 2122 &
1396 2089 1601 2127 quadraginta
1624 2090 1742 2122 1ibras,·
1766 2090 1830 2128 post

1067 2131 1157 2166 cuius
1187 2130 1342 2162 effluxum
1367 2141 1461 2161 rumor
1485 2129 1627 2160 remanfit
1650 2133 1682 2161 in
1706 2135 1831 2169 inguine

1066 2174 1174 2211 sinistro
1196 2169 1390 2206 duriilimus‚
1409 2170 1446 2200 de
1468 2180 1529 2207 quo
1541 2172 1661 2208 patiens
1680 2171 1734 2201 diu
1758 2181 1831 2200 con-

1067 2211 1171 2250 questa
1194 2219 1283 2243 erats
1311 2212 1364 2247 qui
1388 2209 1465 2240 nihil
1487 2210 1573 2240 aliud
1594 2220 1661 2241 erat
1685 2221 1777 2248 quam
1800 2222 1833 2240 o-

1069 2254 1187 2283 varium
1217 2249 1369 2289 glandulis
1401 2249 1437 2282 δε
1460 2249 1659 2287 hydatidibus
1689 2253 1774 2281 intus
1793 2249 1831 2281 &

1068 2301 1157 2323 extus
1180 2290 1393 2328 compastum,
1416 2291 1450 2322 &
1475 2301 1537 2322 tres
1558 2291 1650 2322 libras
1668 2289 1803 2329 pendens
1819 2313 1830 2323 .

1068 2334 1219 2364 ovarium
1242 2331 1387 2363 dextrum
1418 2330 1505 2362 fimili
1526 2329 1624 2364 ferme
1654 2329 1834 2378 modokaffi-

1729 2380 1790 2403 cie-
