1945 2615
568 90 810 130 LIBER
860 89 1187 130 PRIMUS.

101 164 185 203 gruit
213 164 325 201 febris,
346 162 546 199 exasperatur
567 164 656 194 dolor
686 163 826 194 stomachi
849 184 857 198 ‚

101 203 204 243 pulsus
232 213 270 233 ex
301 203 396 233 multa
417 202 572 241 sanguinis
606 205 667 235 atri
691 202 725 235 ὅ(
750 202 857 235 foetidi

1557 100 1606 142 53

949 165 1034 194 0138.
1058 167 1124 198 336.
1146 165 1178 193 In
1201 160 1349 192 cadavere
1371 162 1490 198 juvenis
1514 163 1565 194 die
1586 161 1839 194 decr—„-

911 214 956 232 ma
980 202 1106 240 septima
1121 203 1215 239 febris
1237 204 1397 231 continuae
1426 212 1496 232 cum
1517 202 1665 232 diarrhaa
1689 215 1837 244 iurem-

100 241 264 281 dejeflione
282 241 423 273 aboletur
444 255 451 273 ε
488 251 636 274 tremores
659 243 696 274 ad
721 253 858 281 praecor-

98 282 148 314 dia
171 283 387 319 percipiuntur
410 281 443 314 ὃς
470 283 559 320 paulo
582 283 643 321 post
667 283 761 316 obiit.

139 321 282 352 Intestina
319 323 420 352 omnia
469 321 657 353 inflammata
698 324 859 353 materiem

98 369 259 391 cruentam
280 362 500 393 continebant.
524 362 729 393 Ventriculus
747 361 782 393 ὃ(
809 373 859 393 re-

97 410 150 431 nes
180 398 242 430 sani
272 399 563 438 deprehenduntur.
594 402 757 432 pulmones
788 412 861 432 vero

97 440 130 470 in
156 448 242 478 parte
272 441 384 476 postica
417 441 557 472 nonnihil
593 440 780 473 inflammati
809 452 861 473 oc-

97 489 246 512 currunt.
271 482 529 514 VALSALVA.

140 563 315 603 OBS2333.
338 563 398 592 Vir
420 562 703 601 quinquagenarius
735 562 769 594 ἃ
793 570 859 598 gra-

97 599 188 635 cilis,
219 601 302 630 febre
323 601 451 632 ardente
473 611 546 633 ante
570 603 725 633 biennium
750 601 858 632 libera-

101 648 170 674 tus,
192 649 298 677 magna
323 641 510 678 postmodum
536 641 581 673 liti
599 663 608 678 ‚
640 642 756 674 summa
777 642 861 678 capi-

104 681 143 709 tis
164 677 199 710 &
223 684 388 710 ventriculi
408 684 585 717 debilitate,
608 681 642 714 ὃ(
660 684 772 713 virium
796 681 860 710 lan-

97 727 195 755 guore
218 718 413 762 afficiebatur
434 743 441 751 .
472 722 605 752 Accedit
629 724 736 759 ingens
757 719 859 750 cordis

99 758 254 795 oppreslio
284 770 374 794 quam
406 761 606 792 antecedebit
639 762 777 798 corporis
799 769 860 789 tre-

100 807 166 827 mor
184 819 206 831 .,
224 800 314 829 Mero
336 801 452 829 interea
484 811 553 830 cum
583 801 809 832 combibonibus
830 798 860 829 se

99 838 294 874 ingurgitans
316 837 521 870 accerbiffimo
543 845 656 870 veni-ris
678 843 770 871 dolore
792 850 861 869 cor-

101 879 240 914 ripitur,
274 888 332 907 una
354 888 424 909 curn
446 879 527 916 febre
550 879 583 911 &
605 884 718 909 ‘uomitu
741 880 861 916 bilios03

100 917 214 954 quibus
235 920 361 960 ineunte
384 929 496 954 quarto
519 919 567 949 die
587 921 800 957 extinguitur.

143 959 175 987 ln
207 957 302 986 incilo
332 957 480 988 cadavere
503 969 610 997 magna
643 959 778 990 intestini
810 959 861 988 ilei

103 1004 173 1032 pars
203 994 391 1026 inflammata
422 997 690 1035 deprehenditur.
721 998 861 1029 Multum

101 1034 158 1065 seri
183 1037 324 1065 continet
353 1047 490 1068 cranium
510 1059 519 1073 ‚
550 1049 612 1074 quo
642 1038 760 1069 scilicet
790 1048 862 1067 ven-

107 1075 213 1104 triculi
236 1075 354 1103 cerebri
389 1078 471 1105 ultra
493 1078 614 1108 modum
640 1086 730 1107 erant
752 1077 862 1106 disten-

102 1116 127 1144 ti
148 1137 156 1146 .
186 1115 422 1148 VALSALVA
433 1136 440 1144 .

140 1195 226 1225 OBS.
256 1205 323 1231 334·
363 1193 494 1238 Quidam
526 1196 648 1233 juvenis
676 1193 861 1226 atrocislimo

102 1232 196 1264 dolare
228 1236 258 1265 in
290 1239 399 1273 reginae
424 1236 590 1266 umbilica'li
610 1257 619 1272 ,
648 1246 718 1266 cum
748 1240 858 1264 vomitu

101 1277 167 1304 bilis
188 1284 319 1310 porracea
342 1275 376 1306 ὃ(
399 1275 578 1313 aeruginosae
599 1274 772 1306 laborabat.
797 1277 860 1307 Ab„

102 1313 212 1343 domen
236 1323 304 1344 erat
338 1315 455 1345 tensum
474 1337 484 1352 ,
518 1316 551 1347 ὅ(
579 1316 681 1354 pullus
706 1316 828 1346 humilis
851 1336 859 1345 0

106 1352 237 1384 Accedit
258 1354 427 1385 delirium:
449 1356 531 1386 oculi
554 1356 803 1392 convelluntur3
827 1354 861 1385 &

103 1392 273 1431 impeditur
295 1396 457 1431 relpiratio
480 1405 489 1433 3
518 1405 554 1426 ac
585 1394 709 1426 demum
734 1395 865 1426 secundo

102 1432 152 1463 die
172 1444 188 1462 a
213 1437 310 1471 primo
333 1434 428 1465 morbi
448 1434 562 1467 insultu
588 1438 736 1466 moritur.

142 1473 284 1505 Instituta
306 1475 464 1505 cadaveris
489 1475 621 1506 sefiione
652 1475 717 1505 haec
740 1483 865 1505 annota-

107 1513 236 1544 bantur.
269 1513 415 1545 intestina
440 1515 556 1546 scilicet
580 1515 628 1544 hic
658 1515 721 1545 illic
744 1514 864 1544 inflant<

105 1561 185 1582 mata
200 1574 207 1587 ‚
228 1554 329 1585 livere
351 1554 555 1589 incipiebant·
581 1556 775 1585 Peritoneum
789 1556 865 1584 atris

107 1593 235 1622 maculis
257 1602 324 1623 erat
346 1593 536 1625 diliiizcium.
562 1595 765 1626 Ventriculus
790 1605 864 1624 vero

106 1633 201 1666 nigris
233 1632 403 1662 tuberculis
441 1633 555 1665 obiitus
589 1633 833 1672 conspiciebatur
856 1655 864 1665 .

112 1672 350 1703 VALSALVA
372 1694 379 1703 .

145 1755 230 1783 OBS.
256 1763 321 1789 335.
344 1755 636 1795 Quinquagenarius
670 1754 732 1792 post
755 1752 867 1784 arduos

106 1792 228 1823 labores
248 1793 285 1822 de
307 1803 415 1830 magno
437 1793 473 1832 ad
494 1803 605 1832 guttur
634 1793 667 1825 &
694 1793 797 1832 peetus
819 1803 868 1823 ca-

107 1833 175 1863 lore
198 1834 363 1870 queritur3
394 1835 447 1870 qui
470 1843 521 1864 eas
548 1833 687 1864 deserens
710 1842 813 1872 partes
831 1832 867 1863 ad

109 1872 227 1902 lumbos
249 1872 281 1903 &
297 1881 437 1903 ventrem
460 1872 488 1903 se
512 1873 668 1909 prodidit,
692 1884 762 1903 cum
785 1873 869 1903 dolo-

105 1922 140 1942 re
164 1911 336 1942 vehementi
370 1911 405 1943 &
432 1921 587 1950 pungente
611 1922 620 1949 ;
650 1923 745 1950 atque
768 1915 868 1950 rigore

111 1950 221 1989 saepius
244 1961 440 1982 recurrente.
465 1952 601 1983 Tandem
622 1952 745 1984 accedit
764 1956 869 1982 volva.

109 1994 159 2020 lus
180 2002 248 2021 cum
272 1989 384 2023 faecum
406 1992 569 2029 rei-:ctione
586 2012 595 2027 ‚
628 2003 688 2029 quo
713 1994 794 2022 inm
818 1991 868 2022 sex

112 2028 195 2066 dies,
215 2030 248 2062 ἃ
273 2033 355 2063 circa
366 2031 552 2070 trigesimum
571 2032 745 2064 edecubitu
768 2031 868 2067 diem,

111 2069 188 2100 obiit
218 2081 315 2109 aeger.

149 2109 310 2142 Abdomen
340 2121 409 2144 erat
441 2112 522 2144 sanie
554 2112 682 2150 plenum
703 2133 712 2148 ‚
743 2123 814 2150 quae
836 2123 868 2142 o-

109 2158 249 2181 mentum
269 2150 305 2182 δε
329 2152 470 2184 intestina
492 2155 577 2183 inter
594 2152 622 2183 se
642 2153 865 2191 colligaverat.

111 2192 268 2220 Praeterea
290 2192 429 2223 intestina
453 2200 542 2223 erant
566 2192 776 2227 inflammata,
810 2202 869 2221 una

111 2239 182 2259 cum
205 2228 318 2266 hepate
338 2230 372 2262 δε
395 2233 490 2263 liene.
522 2235 669 2270 Denique
692 2231 795 2270 passim
818 2242 870 2262 oc-

108 2269 277 2299 currebant
301 2272 330 2299 in
356 2272 540 2304 mesenterio
565 2271 811 2312 parviabsceffus
835 2280 869 2304 ut

109 2308 266 2344 ulcuscula
281 2332 288 2343 .
312 2312 571 2346 VAVLSALVA-

910 241 1036 273 extindii
1053 239 1458 279 3deprehenditurinferior
1472 244 1585 271 omenti
1599 251 1666 278 pars
1689 262 1738 284 NA
1752 273 1759 282 ⁴

910 280 1101 314 inflammata
1132 280 1166 312 ὅ(
1197 280 1320 317 putrida
1341 302 1348 310 .
1382 282 1517 312 Remoto
1546 290 1669 310 omento

911 320 1018 353 diffusa
1042 319 1165 350 videtur
1187 318 1392 350 inflammatio
1412 330 1482 350 cum
1507 319 1670 356 putredine

911 364 941 392 in
963 360 1104 391 omnibus
1121 359 1260 396 subjectis
1283 359 1444 397 partibus.
1465 359 1673 391 Ventriculus

913 398 1233 440 phlegmoneobfeffus
1254 400 1421 436 apparuit;
1447 397 1674 430 ileuminflam-

913 444 1049 471 matione
1071 439 1105 471 δε
1129 438 1241 469 necroli
1275 438 1388 469 [acrum
1422 449 1489 470 cum
1516 437 1674 468 nonnullis

914 479 1085 512 tuberculis
1104 499 1111 513 ‚
1143 479 1177 511 &
1200 477 1404 509 foraminibus
1425 499 1433 514 ,
1463 478 1645 509 observatur
1665 499 1674 509 .

913 521 1014 551 Colon
1026 528 1229 556 corruptum,
1256 518 1423 549 ulcusculis
1436 516 1672 549 foedatumcum

911 562 1005 590 variis
1026 558 1242 589 excrescentiis
1269 560 1405 589 externis
1436 558 1642 588 annotabatur
1665 579 1674 587 .

913 599 1121 630 Pericardium
1152 598 1266 633 ubique
1290 598 1323 628 &
1347 597 1486 636 undique
1514 598 1601 629 cordi
1623 607 1674 627 ac-

910 648 1032 670 cretum
1059 646 1145 671 erat.
1176 639 1394 670 BONETUS.

951 721 1035 750 OBS.
1059 729 1126 755 337.
1149 721 1208 750 V'rr
1230 719 1359 755 triginta
1385 729 1535 749 annorum
1559 716 1669 749 incidit

913 759 944 789 in
968 759 1160 796 dysenteriam
1182 780 1191 794 ,
1220 768 1291 788 cum
1313 759 1393 795 febre
1413 761 1561 788 continua
1580 779 1588 793 ‚
1619 757 1674 787 iin-

912 798 992 836 gulis
1014 797 1120 828 diebus
1143 796 1329 828 ferociente.
1362 798 1511 829 Fluebant
1539 801 1673 836 dejec’bio-

913 851 963 869 nes
986 836 1130 872 sincerae‚
1160 847 1228 868 mox
1250 842 1333 876 nigra
1355 848 1425 869 cum
1452 837 1568 868 summo
1590 837 1674 868 dolo-

913 889 946 910 re
968 876 1002 908 δε
1026 877 1146 908 calore:
1175 876 1296 915 sanguis
1319 877 1426 908 aderat
1445 887 1581 916 paucus,
1610 887 1674 906 mo-

913 919 952 949 do
976 917 1129 952 sincerus,
1153 916 1242 947 modo
1265 919 1458 955 permixtus,
1479 920 1533 954 qui
1556 916 1675 947 duobus

914 966 985 988 ante
1008 966 1138 986 mortem
1158 956 1267 988 diebus
1289 955 1461 994 suppreflus
1472 957 1531 987 est.
1553 958 1674 992 Lingua

913 1006 979 1028 erat
1002 996 1124 1026 scabra.
1156 996 1288 1028 Accedit
1320 995 1442 1026 tandem
1462 1005 1674 1026 extremorum

913 1035 1031 1073 frigus,
1053 1034 1134 1072 quod
1158 1034 1254 1073 presso
1278 1037 1355 1071 pede
1376 1034 1515 1071 sequitur
1537 1046 1635 1066 mors.

955 1079 1065 1111 Hepar
1087 1083 1154 1104 erat
1185 1074 1409 1110 spahacelaturn
1431 1083 1439 1109 ς
1468 1074 1502 1105 &
1524 1076 1674 1112 epiploon

916 1114 1002 1142 simili
1026 1113 1092 1141 labe
1126 1112 1264 1141 tactum.
1296 1115 1447 1141 Occurrit
1479 1112 1603 1149 insignis
1634 1114 1678 1141 in-

916 1151 1086 1182 flammatio
1107 1151 1138 1180 in
1163 1151 1298 1188 pyloro,
1329 1149 1363 1181 ὅ(
1395 1151 1540 1182 tenuibus
1563 1151 1678 1180 intesti-

915 1194 981 1227 nis,
1006 1199 1172 1228 propagata
1195 1190 1288 1226 usque
1309 1189 1344 1218 ad
1372 1188 1511 1228 rectum,
1533 1189 1675 1222 nonnihil

913 1229 1162 1271 gangraenosum.
1186 1231 1478 1263 LAMONIERE.
1517 1252 1519 1254 ·

952 1314 1037 1344 Osss.
1060 1313 1127 1348 338.
1149 1313 1270 1343 Mulier
1302 1310 1495 1350 sexagenaria
1517 1333 1525 1348 ,
1558 1311 1678 1343 robusta

916 1357 961 1383 nil
984 1357 1114 1383 excrevit
1143 1363 1190 1389 per
1215 1356 1321 1382 alvum
1353 1351 1452 1390 spatio
1484 1362 1590 1383 novem
1614 1352 1680 1381 die-

918 1401 1007 1430 rum3
1032 1401 1086 1421 nec
1110 1392 1270 1429 clysterem
1293 1391 1461 1422 admittere
1478 1393 1595 1422 voluit.
1616 1391 1678 1422 Sub

917 1444 979 1471 quo
1003 1441 1108 1462 rerum
1121 1430 1319 1462 statuincidit
1338 1433 1367 1462 in
1385 1431 1494 1468 febrem
1518 1435 1679 1470 malignam

917 1485 981 1504 cum
1005 1476 1117 1502 vomica
1142 1471 1269 1509 bilios0·‚
1298 1470 1332 1502 <Sc
1359 1474 1441 1503 intra
1465 1471 1591 1502 biduum
1614 1481 1678 1500 mo-

917 1522 1018 1544 ritur.

958 1553 1178 1588 Reperiuntur
1211 1553 1372 1590 pulmones
1405 1551 1477 1582 semi
1495 1573 1508 1578 -
1528 1550 1646 1590 putridi
1669 1570 1679 1586 ,

917 1602 986 1624 cum
1009 1591 1119 1629 hepate
1141 1591 1279 1622 nonnihil
1310 1591 1458 1623 scirrhoso
1489 1591 1524 1624 ὃς
1556 1591 1679 1622 inflam-

920 1641 1023 1663 mato.
1053 1634 1232 1662 Ventricuii
1258 1635 1363 1662 tunica
1388 1633 1521 1662 interior
1543 1641 1611 1663 erat
1633 1639 1680 1660 et-

920 1675 979 1702 iam
1005 1669 1138 1708 phlogofi
1162 1671 1259 1700 radia.
1280 1670 1375 1701 Ile-uin
1399 1674 1537 1701 occurrit
1559 1673 1589 1700 in
1615 1680 1679 1700 me·

921 1710 971 1740 dio
991 1709 1222 1746 gaiigraenosum
1247 1709 1279 1739 &
1315 1710 1472 1746 putridum
1493 1719 1503 1747 ⁴,
1531 1719 1626 1745 atque
1649 1712 1680 1738 in

920 1749 1069 1787 superiori
1094 1757 1181 1785 parte
1205 1747 1450 1778 inflammatum.
1474 1749 1610 1779 Parsilei
1634 1750 1682 1777 in·

921 1788 1018 1820 ferior
1050 1795 1113 1818 tota
1144 1789 1260 1817 coaluit
1282 1809 1291 1822 ,
1323 1796 1356 1817 ut
1388 1787 1461 1817 nihil
1493 1787 1679 1825 pertransire

923 1829 1084 1868 potuerit·
1108 1829 1180 1859 TH.
1203 1829 1538 1860 BARTHOLINUS.

961 1912 1046 1941 OBS.
1072 1919 1138 1946 339.
1164 1910 1222 1940 Vir
1254 1908 1537 1947 quadragenarius,
1568 1909 1606 1939 ab
1626 1909 1682 1938 ali-

922 1959 998 1985 quot
1021 1951 1078 1986 jam
1102 1951 1210 1984 annis,
1239 1948 1276 1979 ad
1302 1951 1401 1980 varios
1425 1948 1543 1981 morbos
1567 1949 1682 1987 procli-

925 1991 991 2024 vis,
1014 1988 1136 2019 tandem
1152 1989 1233 2026 febre
1255 1991 1447 2026 corripitur.
1481 1990 1612 2020 Decimo
1633 1988 1684 2019 die

924 2029 999 2059 nihil
1020 2035 1288 2059 excrementorum
1312 2027 1526 2066 perinferiora
1548 2028 1660 2065 deJecit
1675 2050 1684 2059 1

923 2071 1055 2101 Decimo
1079 2069 1175 2099 tertio
1186 2069 1269 2106 faces
1291 2079 1339 2106 per
1361 2081 1407 2104 os,
1430 2067 1550 2100 foedurn
1566 2071 1596 2098 in
1619 2076 1683 2098 mo-

921 2109 1014 2144 dum,
1042 2107 1172 2148 ὠμήν,
1200 2119 1274 2146 quas
1299 2108 1402 2139 triduo
1436 2108 1496 2146 post
1520 2110 1621 2141 anima
1643 2107 1682 2139 se-

921 2149 1073 2187 quebatur
1094 2171 1101 2179 .

964 2191 1153 2225 Principium
1187 2189 1246 2220 coli
1278 2188 1505 2220 inflammatum
1530 2209 1539 2224 ,
1568 2187 1682 2219 ariiius

922 2226 1122 2265 compressum
1146 2227 1179 2259 &
1206 2231 1290 2261 intus
1313 2229 1483 2259 ulcerosum
1510 2228 1681 2266 depreben-

921 2269 1049 2299 debatur
1064 2291 1070 2298 .
1100 2270 1250 2300 Pancreas
1269 2279 1337 2300 erat
1359 2271 1465 2306 ingens
1495 2268 1529 2299 <Sc
1553 2265 1680 2298 i‘cfrrho-

921 2308 1008 2347 sum,
1031 2308 1065 2340 ὃς
1091 2308 1233 2348 ponderis
1264 2309 1479 2342 novemdecim.
1499 2309 1680 2376 urbeiarum.

1558 2354 1638 2375 inei}-
