1945 2615
111 223 243 253 URETE-

89 269 151 293 Res
163 281 171 292 .

330 95 409 144 176

267 164 436 204 singultus,
468 163 614 196 delirium
645 162 680 195 &
711 162 925 194 convulsiones
955 162 1027 191 vltae

265 204 354 236 finem
378 205 599 244 imponebant.

305 248 376 277 Ren
401 244 510 277 dexter
533 244 618 274 binos
640 242 829 273 recondebat
860 240 996 272 calculos
1018 260 1027 276 ‚

262 285 319 325 pisi
351 283 597 323 magnitudinem
629 285 680 313 vix
710 282 912 313 excedentes.
943 283 1028 311 Mira

261 333 332 356 erat
363 334 522 357 ureterum
555 321 693 354 distensio
716 322 752 353 ab
776 324 897 360 ingenti
929 323 1029 350 urinae

261 364 387 397 foetidae
407 366 517 400 copia.
539 366 658 395 Dexter
680 363 805 392 calculo
826 361 993 391 obturatus
1018 378 1027 394 ‚

261 405 315 436 sub
345 403 475 443 ingressu
505 406 535 434 in
569 401 719 438 vesicam,
751 398 994 439 deprehenditur
1018 421 1026 431 .

262 446 398 477 CLAR.
422 443 724 476 HASENOHRL.

301 527 387 557 OBS.
413 535 500 561 1225.
520 523 669 567 Quaedam
704 519 797 552 vidua
827 523 922 557 ascite
943 531 960 551 a
983 519 1028 552 se-

263 573 349 605 ptem
370 566 459 596 annis
481 563 658 597 laborabat,
683 571 752 593 cum
775 563 939 598 nephritidae
961 570 1031 591 cor-

261 607 400 644 ripitur,
432 606 514 634 inter
536 613 628 639 quam
660 599 814 639 suppressa
837 603 945 636 urina,
968 600 1030 639 post

263 654 329 677 tres
351 643 386 676 &
412 644 524 682 viginti
548 642 612 672 dies
634 639 709 672 fatis
730 639 898 673 concessit.

302 686 500 716 Peritoneum
530 683 669 712 occurrit
699 680 810 712 durum
843 680 879 712 δι’
901 680 1028 711 cartila-

261 723 401 764 ginosum
423 734 493 755 cum
516 722 674 759 stagnante
696 730 777 758 aqua
799 721 831 751 in
865 719 1027 751 abdomine

262 765 301 797 ad
331 764 423 795 libras
454 764 595 800 quinque
626 760 661 793 δε
695 762 823 798 viginti.
856 764 1027 792 Omentum

263 814 334 837 erat
353 811 556 842 corruptum.
580 803 693 839 Hepar
713 799 889 832 tuberosum
909 799 942 831 &
957 811 1028 832 con⁴

261 843 397 877 tractum
423 853 433 881 ·,
460 843 520 874 lien
552 843 660 879 ingens
689 840 736 871 sed
769 840 859 871 sanus
879 863 887 872 .
917 839 1029 872 Vesica

263 886 358 924 plane
388 886 487 915 inanis
519 879 784 919 conspiciebatur.
816 883 889 913 Ren
920 879 1029 910 dexter

263 924 398 957 insolitae
422 921 665 961 magnitudinis,
694 920 831 951 calculos
863 920 1029 951 nonnullos

264 966 390 1002 exiguos
423 962 628 994 recondebat.
660 961 776 991 Ureter
807 960 930 991 demum
962 959 1032 990 sini-

266 1005 318 1037 ssri
343 1004 449 1034 lateris
470 1000 591 1032 calculo
623 1009 772 1033 accurate
795 1000 1001 1035 obturabatur
1023 1022 1030 1032 .

265 1045 459 1077 MECKER
468 1045 525 1075 EN
538 1064 546 1075 .

308 1127 394 1156 OBS·
418 1128 507 1154 1226.
541 1121 674 1164 Quidam
708 1127 797 1153 urina
816 1123 1031 1159 suppressionem

266 1167 429 1202 inopinato
450 1161 626 1199 patiebatur
652 1171 708 1198 per
730 1161 926 1199 undeviginti
948 1161 1032 1196 dies,

265 1204 387 1241 aliquot
410 1204 510 1233 urinae
529 1209 637 1239 guttas
661 1199 813 1237 reddens,
835 1210 905 1231 cum
929 1200 1024 1229 dolore

270 1249 301 1276 in
327 1246 449 1281 inguine
472 1239 607 1276 sinistro,
631 1239 665 1271 &
689 1246 800 1272 vomitu
814 1244 942 1271 enormi.
965 1242 1030 1271 Ac-

270 1282 403 1315 cedente
434 1281 555 1313 demum
583 1281 679 1311 animi
710 1280 850 1318 deliquio
882 1281 1029 1318 migravit

268 1323 305 1355 ad
329 1326 479 1361 Superos.

309 1365 382 1394 Ren
407 1360 523 1392 sinister
543 1360 650 1396 ingens
671 1360 840 1398 apparuit,
870 1369 905 1389 ac
938 1359 1029 1395 majo-

268 1413 335 1434 rem
359 1411 450 1438 aquae
480 1401 620 1437 copiam,
650 1409 720 1429 cum
753 1399 861 1429 multis
892 1400 1030 1428 arenulis

270 1440 469 1474 continebat.
503 1437 671 1477 Appensus
700 1447 805 1470 ureter
834 1438 957 1473 calculo
990 1437 1031 1469 se-

270 1492 341 1513 men
381 1482 553 1512 cucumeris
600 1477 759 1510 referente
799 1478 1004 1509 obturabatur
1027 1501 1035 1511 .

271 1524 343 1553 Ren
356 1517 928 1557 dexterinculpatusdeprebenditur.
951 1517 1034 1550 Tho.

272 1573 325 1594 tax
349 1560 416 1592 sero
438 1559 591 1591 scatebat.
617 1558 912 1591 VERZASCHA.

312 1644 399 1674 OBS.
423 1652 509 1678 1227.
533 1639 667 1671 Cuidam
687 1645 868 1680 paroxysmis
890 1643 1038 1678 nephriti-

272 1687 312 1712 eis
335 1681 466 1711 obnoxio
489 1683 582 1710 urina
603 1678 666 1709 fuit
686 1681 856 1718 suppressa,
885 1679 947 1712 fine
973 1681 1040 1710 ullo

272 1721 397 1752 dolore.
420 1722 572 1758 Pergente
592 1717 745 1756 ischuria‚
775 1719 893 1752 decimo
925 1729 1038 1758 quarto

273 1761 345 1797 die,
370 1762 515 1798 migravit
538 1758 574 1789 ad
597 1759 718 1797 plures.

313 1799 468 1834 Reserate
488 1799 650 1831 abdomine
672 1821 682 1836 ,
711 1800 928 1839 reperiebatur
948 1801 981 1833 in
1004 1812 1038 1832 u-

274 1850 390 1878 troque
416 1850 487 1872 rene
507 1840 651 1871 calculus
673 1841 873 1878 turbinatus‚
904 1840 953 1872 vel
980 1851 1037 1879 py-

274 1880 431 1917 riformis,
463 1882 494 1911 in
518 1882 650 1912 ureteris
674 1883 864 1920 principium
885 1879 1033 1919 illapsus,-

277 1923 331 1956 qui
352 1921 473 1952 scilicet
495 1930 615 1951 omnem
638 1923 738 1952 urinae
762 1921 924 1954 transitum
957 1931 1038 1960 prae-

277 1960 440 1994 eludebat.
465 1962 801 1994 DIEMERBROEK
815 1985 822 1994 .

318 2043 402 2073 oBs.
429 2046 513 2075 1228.
542 2045 785 2081 septuagenaria
816 2055 940 2080 renum,
975 2055 1040 2073 ure.

279 2090 395 2117 terum,
417 2081 451 2113 &
475 2084 566 2121 vesica
589 2082 684 2113 dolore
719 2085 936 2122 premebatur,
968 2091 1040 2121 gut-

279 2124 369 2152 tatim
393 2121 526 2153 stillante
551 2125 660 2160 urina,
691 2134 761 2161 quae
794 2125 916 2156 demum
939 2125 1040 2154 omni-

278 2172 318 2192 no
340 2159 492 2205 suppreffa
515 2164 610 2193 animi
634 2162 821 2198 defectiones
844 2164 905 2205 post
928 2163 957 2196 se
980 2173 1040 2195 tra-

279 2200 346 2237 hit,
369 2201 403 2233 ὃ(
426 2209 578 2235 mortem.

321 2241 407 2273 Sesso
428 2240 578 2273 cadavere
599 2241 739 2279 omnibus
762 2247 863 2285 patuit
886 2256 947 2277 non
969 2243 1043 2277 fuis-

281 2281 310 2313 se
334 2280 486 2319 lapidem,
515 2281 678 2322 iabulum,
709 2296 761 2318 aut
784 2297 927 2325 grumum
951 2297 961 2326 3
988 2284 1038 2316 sed

282 2323 422 2361 lentam,
454 2320 659 2364 gypseamque
690 2327 858 2366 pituitam3
887 2326 925 2360 ob
948 2335 1042 2366 quam

657 87 1014 130 LAEsxom-:s
1063 65 1490 136 ABDOMINIS,

1083 169 1222 192 ureteres
1242 182 1251 196 ‚
1281 161 1382 193 veluti
1414 161 1494 192 callo
1513 181 1523 199 ,
1552 169 1642 194 erant
1672 160 1814 194 obstructi
1835 177 1848 191 ι

1082 202 1309 233 ZACUTUS.

1122 282 1207 311 OBS.
1233 290 1319 315 1229.
1340 281 1499 317 Puerulus
1524 281 1666 313 undecim
1678 281 1844 318 menfium,

1081 329 1129 358 per
1151 322 1251 356 plures
1275 323 1335 349 dies
1357 331 1413 350 non
1438 325 1614 360 minxerat3
1636 321 1670 352 &
1693 321 1842 359 ejulando

1079 359 1111 391 se
1135 359 1360 395 intorquebat,
1380 369 1451 391 cum
1474 366 1609 391 vomitu.
1634 362 1848 392 irritisomni-

1081 399 1137 430 bus
1153 398 1324 437 praesidiis,
1347 401 1430 430 inter
1445 403 1579 431 tormina
1592 421 1602 436 ,
1625 402 1824 438 extinguitur
1836 421 1845 431 .

1120 441 1223 470 Inanis
1244 447 1310 469 erat
1334 439 1449 471 vefica.
1482 442 1597 472 Ureter
1628 439 1738 471 dexter
1761 439 1847 477 iduo-

1081 479 1135 511 bus
1157 479 1287 509 calculis
1307 479 1430 517 gypseis
1452 479 1486 511 ὃς
1511 480 1598 510 duris
1610 480 1823 511 obstruebatur
1838 501 1847 512 .

1081 519 1179 550 Simili
1213 517 1310 549 ferme
1342 519 1431 549 modo
1461 520 1669 550 obturabatur
1700 519 1816 550 {inister
1839 541 1849 552 .

1084 561 1189 590 Renes
1214 568 1285 588 vero
1307 558 1423 595 lapillis
1453 559 1585 596 ejusdem
1613 559 1727 591 indolis
1749 558 1848 591 scate-

1084 599 1157 630 bant
1172 621 1179 630 .
1201 599 1496 631 AICHOLTZlUS
1509 621 1517 632 .

1122 681 1208 711 OBS.
1233 689 1320 716 ¹230·
1339 678 1470 722 Quidam
1493 689 1547 717 per
1568 679 1726 712 octiduum
1748 685 1839 713 urina

1076 720 1262 757 suppreffiane
1286 718 1467 754 laborabat,
1490 730 1559 750 cum
1583 720 1690 752 dolore
1713 723 1744 751 in
1767 723 1850 753 renis

1081 759 1189 791 sinistri
1213 761 1357 797 regione.
1380 759 1756 797 Intempestiveexhibitis
1775 771 1848 791 can-

1082 798 1258 830 tharidibus
1272 820 1282 836 ,
1301 799 1389 830 brevi
1412 799 1571 831 extinctus
1592 799 1634 831 est
1649 822 1656 831 .

1124 839 1211 871 Sesto
1241 838 1392 871 cadavere
1421 836 1702 877 deprehenduntur
1731 839 1852 871 exulce-

1082 881 1219 912 rationes
1247 881 1277 909 in
1315 880 1492 910 ventriculo
1523 879 1557 910 δε
1592 880 1707 910 vefica.
1737 882 1853 911 Ureter

1084 930 1161 952 vero
1185 919 1300 950 finiller
1322 919 1491 951 obstructus
1515 921 1728 956 reperiebatur
1751 932 1766 951 a
1789 920 1852 950 cal-

1083 960 1154 993 culo
1175 959 1224 990 illi
1248 959 1382 997 impasto
1398 982 1405 991 .
1427 961 1650 992 BONETUS.

1125 1043 1212 1074 0135.
1238 1053 1324 1079 1231.
1346 1040 1486 1074 Cadaver
1509 1041 1664 1079 cujusdam
1687 1043 1771 1074 inter
1792 1043 1850 1074 im-

1086 1092 1190 1113 manes
1211 1085 1320 1112 a'olores
1343 1085 1522 1120 nephriticos
1543 1082 1674 1112 extinffl
1690 1096 1701 1114 ‚-
1725 1082 1851 1113 exhibe-

1085 1121 1140 1152 bat
1162 1122 1284 1156 varios,
1313 1120 1435 1158 asperos
1457 1120 1491 1152 &
1515 1122 1679 1158 angulares
1708 1122 1851 1152 calculos

1085 1163 1169 1191 intra
1192 1170 1287 1189 unum
1308 1169 1344 1189 ex
1368 1160 1539 1190 ureteribus
1560 1160 1726 1197 impactos.
1759 1161 1852 1192 Alter

1082 1210 1180 1234 vero,
1204 1209 1263 1228 una
1287 1209 1356 1228 cum
1381 1209 1476 1235 rene,
1506 1209 1542 1230 ex
1565 1207 1632 1230 toto
1654 1198 1721 1231 fere
1744 1208 1854 1230 conta·

1082 1240 1214 1276 buerat;
1243 1237 1277 1270 ὅ(
1313 1239 1400 1268 nullo
1423 1241 1547 1274 penitus
1580 1237 1700 1270 humori
1725 1240 1856 1276 pervius

1083 1281 1253 1318 apparuit.
1276 1280 1469 1309 CRUCIUS
1483 1300 1490 1309 .

1123 1361 1208 1390 OBS.
1234 1368 1320 1394 1232.
1353 1360 1544 1391 Exenterato
1574 1359 1724 1391 cadavere
1755 1358 1858 1395 cujus-

1084 1397 1153 1428 dam
1176 1400 1352 1434 nepbritici‚
1375 1400 1460 1429 inter
1483 1399 1689 1437 paroxismum
1724 1396 1857 1430 acerbis-

1086 1438 1192 1469 simum
1214 1439 1397 1474 interempti
1419 1458 1428 1473 ,
1458 1440 1489 1468 in
1521 1439 1717 1477 conspectum
1753 1440 1859 1469 venie-

1089 1480 1138 1509 bat
1170 1478 1296 1515 lapillus
1320 1480 1425 1514 niger,
1456 1480 1486 1507 in
1520 1480 1621 1510 altero
1655 1488 1779 1510 uretere
1801 1480 1858 1508 im—

1088 1517 1194 1557 pactus
1225 1517 1259 1548 δε
1292 1516 1361 1547 semi
1382 1517 1558 1549 drachmani
1602 1519 1769 1558 pendens3
1800 1519 1857 1554 qui

1088 1558 1206 1589 scilicet
1227 1558 1264 1587 ob
1285 1555 1465 1594 asperitates
1487 1557 1521 1589 &
1548 1559 1776 1596 inaequalitates
1797 1558 1862 1588 ela-

1091 1599 1120 1629 bi
1145 1608 1203 1629 non
1229 1606 1372 1635 poterat.
1396 1600 1761 1632 KERCKRINGIUS.

1130 1682 1216 1712 OBS.
1239 1691 1326 1718 1233·
1359 1684 1390 1711 In
1423 1681 1575 1713 cadavere
1609 1682 1726 1720 puellae
1748 1681 1862 1713 decen-

1093 1722 1159 1754 nis,
1181 1730 1251 1756 quae
1276 1721 1367 1752 biduo
1388 1721 1543 1753 duntaxat
1566 1731 1796 1760 aegrotaverat,
1819 1719 1856 1750 ab

1091 1763 1218 1792 omnino
1242 1762 1392 1798 suppressa
1416 1767 1532 1796 urina.
1564 1762 1656 1794 vefica
1687 1770 1755 1792 erat
1779 1761 1858 1790 lotio

1091 1800 1256 1833 admodum
1278 1801 1428 1833 distenta.
1462 1803 1565 1833 P-elvis
1587 1805 1667 1833 renis
1696 1801 1798 1831 dextri
1820 1799 1857 1830 ab

1089 1851 1180 1879 aquae
1201 1843 1289 1879 copia
1310 1851 1377 1872 erat
1399 1842 1559 1874 admodum
1583 1840 1791 1878 amplificata,
1824 1840 1862 1871 ob

1089 1880 1276 1912 obstructum
1308 1882 1476 1919 appensum
1499 1891 1654 1913 ureterem
1684 1891 1700 1911 e
1731 1881 1854 1912 calculo

1091 1921 1217 1960 aspero.
1241 1924 1495 1955 MANGETUS
1513 1943 1521 1952 .

1131 2006 1217 2036 0135.
1242 2015 1328 2040 1234.
1361 2003 1504 2035 Instituta
1527 2001 1686 2033 cadaveris
1719 2000 1856 2043 sellipne

1092 2044 1250 2082 cujusdam
1276 2045 1354 2079 viri,
1387 2044 1538 2079 pertinaci
1572 2042 1735 2074 admodum
1768 2048 1860 2074 urina.

1089 2084 1272 2123 suppreffime
1295 2085 1436 2116 enecati,
1468 2084 1499 2112 in
1535 2083 1733 2120 propatulum
1759 2086 1866 2113 venie-

1094 2127 1166 2156 bant
1197 2131 1338 2154 ureteres
1359 2122 1457 2152 albida
1482 2124 1612 2153 materia
1647 2122 1782 2155 sabulosa
1816 2126 1867 2155 in-

1093 2163 1181 2196 farfii
1204 2184 1212 2199 ,
1242 2161 1276 2194 &
1309 2162 1400 2200 plane
1430 2161 1597 2202 obturati·‚
1628 2173 1699 2194 cum
1730 2166 1862 2194 maxima

1095 2206 1194 2236 urinae
1205 2203 1413 2241 graveolentis
1433 2203 1520 2241 copia
1543 2205 1575 2233 in
1598 2203 1742 2236 renibus.
1762 2206 1862 2239 SCH·

1096 2245 1348 2278 NElDERUS.

1135 2328 1219 2362 OBs.
1244 2337 1330 2365 1235·
1352 2325 1484 2369 Quidam
1507 2326 1569 2366 post
1591 2325 1694 2360 casum
1717 2320 1859 2397 gssgimffi-
