1945 2615
345 105 426 142 144

466 226 972 268 SECTIO

663 89 1019 133 LAESIONES
1071 88 1495 139 ABDOMINIS,

1106 224 1673 272 OCTAVA.

698 344 798 384 DE
863 350 1428 383 PANCREATE.

280 459 365 477 &2⁷0³
373 453 1460 478 *Onon-Ovoivssenoi»OispssossoiOOsOi'OflO-tossostovossossouozvssot
1465 459 1813 480 (θὶῐθπίθιαῐθιῑθιφιιθι

567 555 1380 600 ARTICU-LUS
1510 559 1544 598 Ι.

817 676 1006 715 Pancreas
1027 669 1263 726 scirrhosum
1276 699 1286 711 .

151 827 246 859 PAN-

116 876 223 900 CREAS
234 888 242 899 ι

358 813 610 847 BSERVATIO
634 824 720 846 101¹.
753 811 814 845 Vir
836 810 968 850 triginta
992 823 1047 844 an..

376 864 485 885 norum
524 856 690 884 ventriculi
728 851 825 883 dolon
853 852 1014 883 laborabat
1036 873 1046 889 ,

284 895 375 931 cujus
404 893 524 925 saevitie
554 892 676 924 tandem
701 892 780 923 lecto
811 891 967 930 affigitur.
997 895 1046 923 In-

284 931 402 965 sornnes
431 942 522 964 erant
547 932 668 968 noctes,
702 936 773 963 alvo
793 934 904 968 summe
938 931 1046 969 adstri-

284 975 351 1005 εἵη.
375 974 438 1004 Hic
461 972 549 1004 dolor
573 971 854 1005 contumaciffimus
875 971 972 1004 sedern
996 971 1045 1002 ba.

284 1013 373 1045 bebat
407 1015 488 1044 inter
518 1022 730 1045 mucronatam
762 1011 979 1050 cartilaginem
1009 1012 1044 1044 ὃ(

285 1054 490 1090 umbilicum3
511 1064 547 1084 ac
571 1053 655 1092 pastu
678 1051 945 1084 exacerbabatur.
967 1053 1045 1083 Sele⁴

281 1092 432 1124 stim-ibus
463 1091 606 1124 remediis
647 1092 837 1123 obsurdescit
878 1091 1044 1128 praedifius

287 1131 395 1167 dolor,
425 1129 501 1160 adeo
531 1139 566 1160 ut
597 1131 659 1167 post
692 1131 796 1167 plures
827 1130 942 1160 menses
963 1133 1046 1160 inter

284 1179 438 1202 aerumnas
466 1168 504 1199 ad
535 1170 640 1206 opium
669 1167 870 1206 confugiatur
890 1189 897 1203 ,
941 1169 1045 1199 morbo

284 1209 494 1242 conclamato.
516 1209 652 1239 Ultimas
675 1209 751 1239 vitae
762 1206 1044 1238 bebdomadasulu-

284 1250 378 1282 lando
410 1250 495 1286 egit3
524 1247 620 1279 donec
644 1247 790 1286 stupenda
813 1248 909 1277 macie
938 1246 1042 1278 confe-

287 1290 380 1326 ἃιιε,
419 1288 543 1319 turbata
573 1296 676 1319 mente
700 1308 708 1324 ‚
750 1287 925 1325 supremum
959 1288 1041 1319 diem

284 1331 417 1362 obierit.

324 1369 420 1401 sectis
449 1366 593 1398 marcidis
623 1365 658 1398 &
682 1365 925 1403 nigrescentibus
956 1365 1045 1396 abdo-

285 1411 378 1441 minis
400 1407 566 1442 musculis,
590 1408 640 1437 vix
662 1415 815 1445 apparent
835 1407 951 1437 omenti
974 1406 1029 1435 reli

286 1452 388 1487 quiae.
409 1445 744 1484 Foedierantaspeaus
764 1445 926 1476 intestina.
949 1446 1043 1477 Omni

286 1490 354 1520 labe
385 1497 492 1518 carens
515 1486 721 1518 Ventriculus
751 1485 787 1515 ad
812 1484 925 1515 fini-stra
950 1485 1043 1515 devo-

285 1529 372 1559 lutus
394 1527 514 1558 latebat
536 1526 586 1557 sub
607 1525 718 1564 hepate
739 1525 885 1556 immenso
909 1524 942 1556 ὅ(
968 1526 1043 1556 lieni

285 1569 456 1599 continuo.
487 1565 693 1597 Tuberculosa
716 1564 836 1602 hepatis
866 1563 1043 1599 superficies

286 1608 437 1640 duritiem
459 1606 540 1645 quasi
564 1605 715 1643 lapideam
738 1603 911 1636 referebat:
936 1605 1042 1634 cultro

285 1649 339 1678 vix
360 1646 471 1677 cedens
498 1645 682 1682 cartilagine
705 1644 813 1676 durius
844 1643 1048 1682 deprehendi-

285 1695 361 1725 rur,
383 1685 455 1716 hinc
477 1684 549 1715 inde
569 1694 607 1715 ex
631 1684 753 1716 annulis
784 1686 967 1723 crepitans;
999 1694 1048 1715 cu-

285 1728 335 1764 jus
355 1724 503 1757 resecium
526 1722 657 1756 frustum
680 1725 840 1755 marmoris
861 1726 1048 1761 gravitatem

287 1765 434 1804 aequabat
452 1788 459 1796 .
489 1764 593 1803 Cyssis
621 1762 717 1795 fellea
746 1764 906 1795 contracta
938 1774 1047 1803 parum

287 1807 358 1838 bilis
385 1806 562 1843 nigerrima:
592 1804 800 1835 continebat.
837 1805 911 1835 Lien
956 1814 1048 1842 aequo

290 1847 384 1885 paulo
406 1845 500 1882 major
521 1854 592 1875 atro
612 1844 759 1882 sanguine
783 1843 946 1882 turgebat.
971 1846 1049 1875 Pan-

289 1896 375 1917 creas
405 1895 478 1916 vero
502 1885 600 1922 triplo
624 1895 723 1921 majus
746 1895 838 1922 quam
864 1894 919 1922 par
947 1882 1019 1915 effet
1038 1905 1048 1921 ‚

290 1925 399 1963 hepate
419 1924 529 1956 durius
550 1923 585 1956 &
609 1926 703 1963 magis
724 1934 907 1955 arenaceum
921 1945 931 1960 ‚
951 1933 1050 1961 atque

291 1964 425 2001 ejusdem
456 1965 624 2003 gravitatis
643 1985 652 2001 ‚
682 1966 874 2003 praecipuam
903 1963 1047 1995 dolorum

291 2005 410 2037 caulam
432 2004 625 2036 ostendebat.
647 2006 780 2037 CLAR.
806 2005 970 2036 TlSSQT-

332 2086 417 2116 oBs.
441 2095 525 2115 1011.
558 2085 624 2123 (a)
659 2087 754 2118 Miles
777 2086 917 2124 quinque
938 2084 973 2116 &
996 2083 1052 2115 tri-

290 2127 376 2163 ginta
400 2134 569 2161 annorum,
595 2128 654 2164 post
681 2127 792 2156 multos
815 2127 848 2158 ὅ(
873 2125 985 2157 arduos
1008 2124 1053 2154 la-

291 2166 379 2196 bores
393 2185 402 2199 ‚
421 2161 458 2193 de
479 2162 626 2195 doloribus
646 2165 843 2197 acerbiffimxs
871 2171 901 2196 in
926 2168 1051 2196 abdomi-

292 2217 327 2235 na
356 2203 624 2242 conquerebatur3
655 2206 767 2243 quibus
798 2206 919 2237 tandem
954 2205 1051 2237 vicius

295 2243 408 2275 lestulo
438 2241 497 2273 sese
528 2244 698 2283 commifit,
729 2245 776 2276 {ex
809 2245 943 2282 menses,
975 2253 1049 2276 ante

293 2285 411 2315 obitum
430 2305 437 2314 .
479 2283 580 2314 Dolor
614 2294 682 2314 erat
711 2286 743 2315 in
777 2285 1017 2324 hypochondriis
1040 2304 1050 2320 ‚

294 2323 405 2356 lumbis
427 2321 463 2355 &
485 2331 553 2355 toto
571 2322 732 2357 abdomine
750 2336 758 2355 ε
783 2326 873 2357 saevit
897 2326 995 2364 postea
1017 2327 1050 2356 in

1098 812 1213 849 coxis,
1243 820 1314 843 cum
1344 810 1442 842 totius
1477 811 1617 849 corporis
1648 811 1834 851 prostatione
1852 833 1862 846 .

1101 856 1226 883 Vomitus
1257 860 1325 883 erat
1347 852 1487 887 biliosus,
1510 850 1544 883 &
1568 849 1734 891 frequens;
1769 862 1862 891 urge-

1100 891 1151 922 bat
1173 892 1266 928 febris
1288 892 1422 929 affidua,
1453 901 1523 922 cum
1549 890 1596 922 fiti
1627 891 1801 924 inexhausta
1824 892 1861 924 &

1099 930 1240 969 vigiliis.
1282 932 1470 969 Supervenit
1511 940 1605 962 tumor
1636 934 1718 963 circa
1751 936 1861 963 nothas

1098 975 1187 1008 costas
1211 971 1318 1002 sinistri
1351 971 1480 1006 lateris,
1512 970 1616 1002 versus
1645 973 1860 1010 cartilaginem

1096 1008 1294 1042 enfiformem
1316 1032 1324 1047 ,
1366 1021 1435 1041 cum
1473 1011 1635 1048 punam-io
1669 1011 1704 1044 &
1736 1012 1862 1042 immani

1099 1050 1226 1082 dolore.
1259 1050 1395 1082 Tandem
1426 1050 1559 1090 syncope
1581 1050 1765 1089 prehensus,
1794 1050 1862 1082 fato

1097 1090 1261 1122 concessit.

1138 1130 1225 1160 Sesto
1258 1130 1407 1161 cadavere
1436 1131 1599 1167 reperitur
1623 1130 1743 1168 hepatis
1773 1130 1861 1161 lobus

1098 1170 1285 1205 nigricans,
1327 1167 1448 1198 orificio
1481 1170 1645 1200 ventriculi
1678 1169 1864 1208 superiori,

1097 1207 1324 1246 diaphragmati
1349 1206 1383 1238 &
1410 1205 1511 1238 nothis
1533 1208 1623 1239 collis
1646 1210 1688 1239 ita
1711 1208 1863 1246 affinius,

1094 1256 1130 1279 ut
1152 1247 1270 1278 nonnisi
1293 1245 1564 1278 frustulatiminde
1584 1248 1677 1277 avelli
1701 1251 1865 1295 potuer-324.

1096 1289 1247 1318 Pancreas
1278 1289 1386 1322 ingens
1418 1285 1453 1317 ἀ
1485 1285 1667 1318 scirrhosum
1708 1287 1890 1325 conspici-⁸.

1097 1336 1168 1357 tur.
1201 1326 1331 1361 Pylorus
1363 1324 1398 1355 ὅτ.
1432 1325 1649 1357 rnesenterium
1683 1326 1770 1357 fimili
1791 1327 1864 1360 labe

1097 1365 1360 1402 inquinabantur.
1391 1364 1500 1401 Adeps
1523 1375 1588 1397 tum
1610 1365 1762 1404 pectoris,
1795 1377 1864 1398 tum

1095 1405 1265 1435 abdominis
1286 1403 1432 1434 duritiem
1455 1403 1634 1436 scirrhosam
1664 1409 1757 1437 etiam
1780 1418 1863 1438 rnen-

1096 1444 1234 1475 tiebatur
1257 1465 1265 1474 .
1307 1445 1459 1474 Praeterea
1500 1446 1659 1482 pulmones
1693 1447 1865 1484 purulento

1095 1483 1199 1516 ichore
1220 1490 1310 1514 erant
1333 1481 1476 1515 infarffi.
1498 1486 1753 1518 PLATERUS.

1135 1568 1221 1597 oBs.
1246 1575 1331 1594 1012.
1366 1564 1427 1595 Vir
1451 1566 1734 1605 quinquagenarius
1767 1571 1860 1600 dolon

1099 1606 1274 1642 corripitur
1294 1609 1325 1634 iu
1350 1607 1500 1635 abdomine
1529 1608 1623 1646 supra
1658 1611 1828 1639 umbilicum
1850 1622 1861 1641 ,ς

1102 1645 1164 1683 post
1193 1645 1292 1674 varlas
1314 1642 1526 1682 remiffiones,
1551 1656 1603 1684 per
1625 1647 1701 1679 duos
1723 1647 1863 1684 menses,

1100 1687 1181 1717 cutis
1211 1687 1300 1715 colore
1329 1687 1454 1714 sfferitia
1486 1683 1693 1720 defoedatur.
1726 1688 1861 1720 Dolores

1101 1729 1222 1757 interea
1234 1723 1312 1755 fiunt
1321 1723 1492 1756 acerbiores
1505 1746 1514 1762 ‚
1536 1726 1570 1758 ὅ(
1584 1736 1696 1764 quarto
1706 1729 1742 1757 ab
1763 1727 1860 1757 idern

1101 1765 1150 1797 die
1172 1773 1269 1796 tumet
1279 1767 1518 1803 hypochonarium
1540 1765 1695 1797 dextrum.
1720 1769 1804 1797 Dein
1817 1764 1861 1796 fe-

1101 1807 1221 1838 rociora
1244 1810 1526 1845 urgentjormina3
1556 1804 1746 1842 misellusque
1778 1815 1861 1842 aeger

1100 1847 1238 1877 clamans
1270 1843 1306 1876 ἀ
1338 1844 1458 1877 eiulans
1477 1846 1508 1875 in
1529 1844 1741 1876 convulliones
1764 1845 1862 1877 letha-

1103 1887 1147 1917 les
1169 1883 1280 1915 incidit
1295 1906 1302 1914 .

1145 1929 1230 1956 Inter
1254 1923 1415 1956 seffionem
1437 1923 1594 1954 cadaveris
1617 1926 1777 1962 reperitur
1808 1925 1867 1956 du„

1102 1965 1167 1996 Cius
1189 1962 1332 1995 biliferus
1353 1966 1464 1994 mirum
1487 1965 1517 1993 in
1541 1962 1665 1994 modum
1686 1975 1702 1994 a
1725 1965 1786 1995 bile
1808 1966 1864 1997 sta-

1103 2012 1219 2044 gnante
1239 2004 1407 2041 dilatat-³3
1428 2001 1503 2032 adeo
1524 2011 1559 2033 ut
1582 2013 1669 2034 venae
1692 2013 1792 2042 portae
1803 2017 1866 2037 am-

1106 2044 1292 2083 plitudinern
1323 2044 1499 2081 superaret.
1533 2042 1678 2074 Veficula
1712 2043 1795 2077 fellis
1825 2045 1864 2076 ab

1105 2085 1182 2116 statu
1205 2083 1339 2113 naturali
1362 2083 1489 2113 minime
1510 2082 1694 2116 recedebam
1731 2084 1749 2115 sl
1781 2087 1868 2117 exci-

1105 2126 1172 2162 pias
1193 2123 1350 2155 cervicem
1371 2122 1563 2154 contradam
1589 2134 1661 2162 quae
1690 2126 1868 2163 appellenti

1105 2165 1156 2195 bili
1187 2162 1326 2193 additum
1358 2163 1602 2202 praecludebat.
1641 2167 1715 2197 Pars
1756 2166 1866 2196 dextra

1105 2204 1279 2243 pancreatis
1299 2223 1308 2239 ‚
1339 2203 1543 2240 protuberans
1576 2203 1612 2236 δε
1645 2215 1788 2242 premens
1810 2204 1869 2236 du-

1102 2244 1169 2276 Ctus
1190 2243 1295 2279 cyssici
1317 2245 1446 2279 ollium,
1479 2243 1555 2275 dura
1577 2243 1612 2276 &
1636 2244 1784 2276 scirrhosa
1816 2244 1869 2276 de.

1104 2283 1328 2323 prehenditur3
1361 2283 1474 2314 sinistra
1499 2294 1572 2315 vero
1596 2284 1741 2322 putrida.
1775 2287 1867 2317 Duo-

1103 2325 1214 2356 denum
1249 2322 1372 2361 hujusce
1394 2324 1465 2357 mali
1487 2324 1612 2357 consors
1632 2325 1779 2359 callosum
1809 2324 1866 2357 de-

1751 2374 1822 2406 pre-
