1945 2615
347 101 400 138 40
657 83 1014 126 LAESIONES
1065 63 1494 132 ΑΒῡοΜῑΝὶε,

285 162 445 194 dextrum.
471 157 811 194 Accedunttufficula,
828 160 968 198 spirandi
990 157 1048 192 dif-

145 220 263 248 OMEN-
280 206 426 242 flumas,
449 200 483 233 &
505 199 599 231 febris
621 201 704 231 lenta
726 210 796 230 curn
817 199 932 237 lingua}
955 197 1047 228 aridi-

112 263 208 287 TUM.

284 251 349 275 tate
368 266 375 274 .
407 241 534 273 Viribus
564 239 688 272 tandem
718 238 824 271 fractis
842 260 852 276 ,
883 238 918 271 ὅ(
949 239 1046 268 macie

280 281 443 317 confecta,
464 281 560 312 obiit.

321 322 487 355 Invenitur
509 321 594 358 jecur
617 319 793 360 pallidum3
814 329 885 349 curn
911 317 1043 362 vesicula

279 372 348 395 atra
379 361 438 393 bile
468 360 618 399 turgida.
649 365 816 393 omentum
846 358 1045 388 incraflatum

279 403 314 436 &
340 401 407 433 fere
430 403 604 433 coriaceum
627 400 834 435 cernebatur3
864 397 946 433 quod
968 399 1047 426 inte.

277 441 738 481 ssinaaraecompleciebatur.
763 439 1044 471 VVARTHON.

318 526 403 555 OBS.
428 526 493 559 236.
527 524 626 560 Virgo
652 518 755 550 vetula
785 519 913 556 triginta
934 515 1044 547 abhinc

277 566 366 594 annis
388 562 424 593 de
447 563 577 598 quodam
603 559 736 599 pondere
759 557 793 589 ὅσ
819 566 939 588 tumore
962 555 1044 587 infra

275 606 432 641 regionem
457 599 816 638 stomachiquerebatur.
839 597 976 629 Tandem
998 599 1044 626 in-

277 641 480 681 gravescente
511 641 637 676 morbo,
668 643 819 678 hydropica
842 637 944 668 evadit
967 646 976 674 3
1007 636 1042 668 &

276 683 313 713 ad
337 681 532 712 ineluctabile
554 679 654 711 fatum
679 687 845 717 properat.

320 724 440 753 Praeter
472 730 559 756 aquae
591 721 712 756 copiam
744 721 773 750 in
806 717 966 749 abdomine
989 715 1045 748 sta-

277 770 448 800 gnantem,
477 760 575 790 oculis
608 757 768 789 visendum
800 758 831 789 se
865 757 983 794 praebet
1014 767 1046 787 o-

277 810 419 833 mentum
443 799 645 835 scirrhosum‚
670 798 704 830 &
727 799 815 837 plane
835 796 968 832 osseum,
997 804 1045 827 at-

279 852 342 879 que
366 840 472 872 cultro
502 839 598 871 secari
622 838 781 877 nescium3
813 837 895 876 quod
927 836 1044 867 scilicet

279 879 619 918 quatuordecimlibras
639 878 809 918 pendebat.
834 879 893 911 EX
917 878 1043 909 ACTIS

279 922 603 953 PARISIENSIBUS
615 942 622 951 .

320 1003 405 1033 OBS.
438 1013 505 1039 23⁷·
545 1000 669 1034 Nobilis
698 1001 808 1032 mulier
843 1000 901 1037 jam
930 998 1046 1031 dudum

279 1050 421 1072 ventrem
445 1041 596 1073 tumidum
628 1040 783 1078 gestabat.
812 1040 910 1072 Tacta
941 1040 1048 1077 depre-

280 1080 429 1112 henditur
461 1091 556 1111 rumor
579 1085 659 1109 circa
682 1084 872 1115 umbilicum,
902 1082 957 1114 qui
992 1089 1047 1114 pro

279 1118 399 1151 scirrho
428 1121 532 1154 uteri,
564 1127 618 1148 aut
649 1116 734 1148 foetu
765 1127 890 1148 mortuo
922 1117 1049 1147 habeba.

281 1168 353 1191 tur.
377 1159 523 1196 Denique
543 1159 626 1188 inter
646 1156 756 1189 dolores
779 1154 985 1188 acerbissimos
996 1166 1050 1186 ex-

281 1198 380 1230 tincta
400 1196 479 1229 fuit.

323 1237 598 1273 Sedioabdominm
621 1247 781 1276 repertum
803 1236 866 1269 fuit
886 1245 1048 1268 omentum

280 1279 391 1311 multis
420 1277 602 1316 corporibus
631 1278 713 1315 quasi
740 1277 924 1315 glandulofis
955 1274 1049 1306 refer-

283 1327 376 1354 tum,
411 1317 445 1349 ἃ
477 1318 716 1356 conglobatum3
745 1329 780 1349 ac
802 1317 851 1348 sex
876 1317 910 1348 ὅ(
937 1317 1047 1354 viginti

282 1358 378 1390 libras
399 1357 550 1395 pendens.

325 1439 410 1469 OBS.
434 1441 500 1475 233.
521 1436 652 1479 Quidam
674 1435 914 1468 melancholicus
937 1433 1049 1465 incidit

283 1479 314 1509 in
339 1482 475 1508 vomitum
500 1478 682 1515 pituitolum
704 1498 712 1512 ,
746 1477 896 1508 viscidum
919 1475 953 1507 ὅ(
976 1485 1049 1505 con-

285 1516 540 1548 tumaciffimum.
571 1520 768 1547 Flatulemia
791 1527 886 1547 etiam
908 1525 980 1546 cum
1003 1522 1050 1544 tu-

283 1566 368 1587 more
389 1555 691 1595 bypochondriorum
708 1555 966 1588 conflictabatur.
986 1556 1050 1586 Vo-

283 1598 363 1627 mitu
389 1596 512 1628 tandem
538 1595 730 1634 persistente,
757 1596 852 1627 obiit.

325 1638 490 1667 Invenitur
509 1636 656 1674 epiploon
685 1636 836 1672 crassum,
865 1633 1048 1665 scirrhosum

284 1676 321 1708 ὃ(
342 1675 555 1713 εοηιηέὶιιω;
576 1675 651 1706 adeo
675 1685 709 1706 ut
730 1674 825 1713 hepar
847 1677 945 1713 prima
967 1672 1049 1704 fron-

286 1726 317 1747 te
340 1713 491 1752 referrer3
512 1714 639 1751 ejusque
662 1715 826 1747 craffitiem
849 1715 1048 1750 adaequaret.

285 1756 492 1788 Ventriculus
514 1754 640 1791 insuper
662 1764 729 1785 erat
748 1754 880 1790 lividus,
902 1753 936 1786 &
963 1762 1049 1792 parte

285 1794 437 1833 superiori
459 1794 645 1827 scinhosuu.
670 1796 904 1827 RIVERIUS.

328 1876 411 1906 OBS.
437 1886 502 1912 239.
527 1877 561 1906 ln
585 1875 735 1908 cadavere
757 1874 911 1910 cuiusdam
942 1874 1053 1906 militis

287 1926 305 1945 a
326 1914 534 1951 quadriennio
555 1919 700 1955 hydropici
722 1926 838 1954 praeter
858 1915 1054 1953 aquaelibras

286 1953 444 1992 sexaginta
473 1953 563 1993 supra
586 1964 733 1991 centum,
766 1959 922 1994 reperitur
949 1965 1054 1985 omen-

287 2003 355 2024 tum
379 1996 550 2027 innumeris
579 1996 771 2034 corpusculis
803 1994 989 2034 glandulofis
1009 1994 1054 2025 di.

285 2034 388 2065 versae
410 2034 813 2073 magnitudinisrefertums
839 2047 967 2074 quorum
980 2045 1053 2066 non-

286 2073 373 2103 nulla
415 2077 594 2106 racematim
635 2076 774 2114 congesta
811 2076 1020 2108 cernebantur
1044 2098 1050 2106 .

289 2115 428 2144 Materia
451 2115 580 2150 quadam
613 2115 734 2147 sebacea
756 2115 914 2146 scatebant
938 2115 1049 2152 praedi-

290 2153 346 2224 {ilas
363 2153 539 2186 tubercula.
564 2157 588 2187 E
610 2158 877 2189 MISCELLAN.
898 2157 1052 2188 CURIO·

328 2275 414 2305 oBs.
446 2285 516 2309 240.
550 2273 692 2307 Lustrato
725 2277 876 2310 cadavere
899 2275 1055 2314 cujusdam

293 2316 441 2353 hydropica
469 2320 609 2348 occurrit
641 2325 803 2349 omentum
825 2319 856 2349 in
882 2316 994 2350 vastam
1018 2315 1055 2347 ὃ(

1099 156 1287 195 εοτῃρεέὶειω
1309 157 1419 187 molem
1441 165 1646 194 concretum,
1680 156 1755 190 duos
1784 157 1864 196 digi-

1099 205 1146 227 tos
1168 198 1246 228 latos
1266 196 1395 228 crassum
1407 197 1543 236 ubique3
1567 198 1619 229 nisi
1642 197 1723 234 quod
1747 199 1778 227 in
1800 209 1864 229 am-

1099 236 1164 267 bitu
1197 247 1305 275 parum
1345 237 1560 275 gracilesceret
1580 260 1588 269 .
1628 238 1866 273 Ventriculus,

1097 275 1293 311 duodenum,
1324 276 1456 313 jejunum
1479 276 1514 308 ὃς
1536 278 1625 308 colon
1656 277 1709 308 sub
1737 286 1866 308 omento

1097 318 1140 346 ita
1161 315 1362 351 coaluerant,
1384 324 1418 347 ut
1443 316 1563 346 nonnifi
1586 317 1771 348 destruendo
1793 328 1809 346 a
1833 315 1863 348 se

1097 355 1205 387 divelli
1229 357 1411 394 potuerint.
1434 357 1571 388 CLAR.
1591 359 1653 389 DE
1675 359 1824 390 HAEN.

1100 473 1106 478 ,
1138 438 1223 468 OBS.
1246 446 1313 471 241.
1333 435 1485 469 Lustratis
1508 436 1683 468 interaneis
1705 436 1862 473 cujusdam

1098 478 1221 510 iuvenis
1242 475 1411 515 hydropici,
1440 475 1648 508 observantur
1680 485 1796 515 praeter
1819 478 1866 506 vi-

1097 518 1175 552 ginti
1205 526 1294 553 aquae
1327 516 1422 547 libras
1443 518 1474 546 in
1497 514 1681 551 abdomine,
1715 517 1862 554 epiploon

1097 554 1303 586 craffiffimurn
1328 555 1362 588 ὅ(
1385 554 1586 587 scirrhosum.
1620 555 1802 587 Stomachus
1825 555 1862 587 ὅ(

1098 597 1238 626 intestina
1267 605 1357 626 erant
1389 597 1472 626 ultra
1515 596 1637 626 modum
1678 595 1864 627 contracta.

1097 637 1161 666 Cor
1183 634 1217 665 δε
1244 636 1356 672 majora
1388 635 1454 666 vasa
1486 637 1702 666 concretiones
1733 635 1865 672 polypo-

1097 674 1141 705 sas
1171 674 1395 708 recondebant.
1430 678 1455 708 E
1491 677 1760 708 MISCELLAN.
1788 677 1863 706 CU-

1137 797 1301 830 OBS.242.
1322 797 1356 826 In
1379 793 1530 826 cadavere
1552 796 1641 834 pueri
1666 793 1865 831 tabidiquin-

1097 837 1229 872 quennis
1260 844 1432 865 cernuntur
1462 844 1620 866 omentum
1651 834 1835 866 scirrholum
1855 853 1865 869 ,

1097 876 1131 907 ὅ(
1163 875 1306 906 intestina
1337 873 1439 912 paffim
1472 874 1527 906 hac
1559 875 1624 906 labe
1655 874 1762 906 rasta.
1795 876 1866 904 Nec

1095 916 1244 946 immunia
1274 923 1364 945 erant
1395 925 1542 953 pancreas
1564 914 1599 946 δε
1623 914 1836 945 mesenterium
1858 933 1866 943 .

1100 957 1263 987 pulmones
1285 964 1434 992 praeterea
1465 954 1669 985 observantur
1699 952 1866 992 grandino—

1102 995 1141 1033 [ις
1163 996 1272 1027 dextro
1291 993 1481 1024 coalescente
1503 1005 1572 1025 curn
1606 995 1713 1032 plevra
1735 993 1770 1024 «Sc
1793 993 1864 1022 ster-

1102 1047 1142 1067 no
1161 1060 1168 1068 .
1220 1038 1244 1066 E
1287 1036 1626 1067 MISCELLAN.
1673 1035 1864 1065 CURIO-

1140 1158 1227 1187 0138.
1257 1165 1325 1192 243.
1365 1155 1509 1187 Instituta
1548 1152 1681 1186 sectione
1712 1151 1869 1190 cujusdam

1101 1198 1156 1233 qui
1178 1204 1249 1225 ante
1270 1195 1388 1226 obitum
1406 1197 1543 1234 singultu
1566 1192 1805 1232 pertinacissimo
1829 1193 1869 1221 la-

1102 1236 1282 1270 boraverat,
1304 1235 1461 1272 reperitur
1483 1243 1640 1266 omentum
1663 1231 1867 1267 scirrhosurn,

1101 1276 1136 1307 &
1167 1277 1209 1305 ita
1243 1274 1389 1308 auctum,
1423 1282 1456 1303 ut
1479 1283 1612 1310 quatuor
1638 1280 1693 1302 aut
1727 1273 1868 1309 quinque

1102 1316 1250 1345 librarum
1283 1313 1403 1351 pondus
1432 1321 1575 1350 aequaret
1602 1322 1611 1350 ;
1637 1312 1672 1343 &
1705 1313 1868 1342 ventricu-

1103 1355 1165 1384 lum
1189 1357 1231 1383 ita
1257 1351 1400 1384 deorsum
1431 1363 1448 1383 e
1483 1352 1535 1385 sua
1566 1351 1635 1383 sede
1655 1351 1839 1383 distraheret
1859 1372 1868 1383 .

1103 1394 1304 1425 BONETUS
1319 1415 1326 1425 .

1141 1476 1227 1505 OBS.
1257 1485 1327 1509 244·
1365 1476 1399 1505 In
1429 1484 1561 1512 corpore
1591 1472 1748 1511 cujusdam
1785 1475 1868 1512 hypo-

1101 1516 1274 1544 chondriaci
1296 1512 1540 1552 deprehenditur
1561 1523 1717 1546 omentum
1739 1511 1871 1543 scirrho-

1101 1552 1164 1583 sum
1185 1573 1195 1587 ,
1234 1563 1372 1590 quatuor
1411 1553 1580 1591 digitorum
1623 1550 1870 1584 transversorum

1100 1591 1263 1624 crassitiem
1286 1603 1436 1630 aequans,
1467 1592 1501 1624 &
1525 1602 1621 1624 totam
1643 1591 1797 1630 epigastrii
1821 1603 1870 1624 re-

1102 1634 1225 1671 gionem
1247 1642 1424 1672 occupans.
1445 1635 1681 1665 RlVERIUS.

1142 1755 1228 1785 OBS.
1261 1763 1332 1789 245-
1362 1752 1495 1795 Quidam
1530 1752 1772 1784 melancholicus
1804 1762 1873 1782 cre-

1106 1793 1168 1824 bris
1198 1796 1328 1824 rufiibus
1351 1792 1386 1824 &
1409 1797 1522 1823 vomitu
1544 1795 1719 1823 contumaci
1753 1791 1869 1827 jamdiu

1107 1834 1266 1868 laborans,
1298 1832 1421 1864 tandem
1444 1833 1523 1864 illue
1543 1832 1620 1864 abiit
1641 1831 1722 1864 unde
1754 1839 1870 1870 negant

1106 1872 1207 1904 redire
1227 1881 1430 1909 quemquam.

1145 1911 1288 1943 Cadaver
1319 1911 1430 1943 uectum
1462 1910 1585 1943 exhibet
1617 1911 1760 1952 epiploon
1790 1911 1872 1943 cras-

1106 1951 1192 1986 sum,
1225 1953 1353 1984 rubrum
1377 1950 1411 1983 ἀ
1433 1951 1637 1985 scirrhosum,
1677 1955 1700 1983 B
1724 1956 1752 1984 O
1775 1955 1805 1983 N
1831 1954 1872 1984 E-

1143 2075 1228 2105 OBS.
1261 2077 1327 2108 246.
1360 2076 1394 2104 In
1424 2071 1572 2105 cadavere
1612 2075 1671 2105 viri
1707 2074 1803 2106 trium
1833 2071 1871 2104 δε

1104 2113 1309 2151 quadraginta
1346 2122 1498 2143 annorum
1528 2134 1538 2149 ‚
1578 2117 1696 2153 hydrope
1735 2113 1871 2148 denari,

1106 2162 1220 2193 praeter
1250 2163 1361 2190 aquam
1400 2152 1552 2191 copiosam
1578 2174 1587 2189 ,
1623 2157 1762 2185 occurrit
1802 2153 1872 2190 epi-

1110 2193 1201 2232 ploon
1239 2192 1445 2224 craffiffimum
1476 2192 1512 2225 δε
1547 2192 1759 2231 scirrhosum;
1799 2202 1872 2222 cum

1109 2232 1264 2272 glandulis
1292 2232 1469 2265 mesenterii
1512 2233 1667 2270 tumidis,
1707 2233 1794 2263 duris
1833 2230 1871 2262 Ec

1109 2272 1192 2311 quafi
1212 2274 1442 2314 cartilagineis.
1468 2275 1493 2307 Ε
1512 2275 1778 2309 MISCELLAN.
1798 2273 1873 2302 CU-

1109 2315 1264 2347 RIQSIS.

1800 2355 1835 2383 ln
