1945 2615
97 217 145 243 TU
149 218 260 244 MORES

326 90 416 128 242,

637 76 996 124 LAESIONES
1049 76 1477 125 ABDOMINIS.

268 152 374 185 dinem
395 152 510 191 capitis
531 150 634 182 virilis
663 149 867 188 adaequabat;
899 148 1033 181 diversas
1082 159 1198 185 annum
1227 160 1324 189 agens
1355 153 1540 190 obstruffione
1563 154 1631 184 alvi
1659 151 1839 193 laborabam

274 193 471 228 substantias,
502 190 628 223 fetosam
652 201 780 229 nempe,
809 189 1030 228 geladnosam.

265 233 424 266 'sebaceam
448 232 484 265 &
506 231 704 271 purulentam
728 229 922 269 recondens;
942 229 1029 266 cujus

266 273 444 311 superficies
469 275 563 304 variis
593 270 792 310 hydatidibus
816 269 910 302 obfita
931 278 1000 301 erat
1018 291 1028 300 .

264 315 509 352 REISELIUS.

302 397 390 428 0138.
415 398 503 428 1664.
534 389 665 425 Cuidam
690 391 804 430 virgini
834 387 1028 428 postveasum

261 439 301 467 ab
324 439 413 472 alto,
430 433 573 471 exsurgit
597 442 693 462 tumor
712 435 799 463 lienis
820 433 961 467 regionem
983 441 1027 459 oc-

258 485 397 514 cupans,
427 475 482 511 qui
513 474 545 503 in
568 472 635 503 dies
652 473 882 502 incrementum
906 467 999 502 sumit
1018 490 1027 500 .

259 516 328 547 Post
351 514 399 546 sex
429 512 547 545 menses
576 513 736 550 appetitus
766 510 917 548 languet,
945 510 1028 541 vires

258 554 437 592 deficiunt3
466 553 502 586 &
522 553 560 584 de
581 555 674 583 dolore
705 553 869 584 lumborum
891 558 1030 586 conque-

259 597 344 628 titur
366 604 477 633 aegra;
507 602 578 631 quae
601 591 694 631 panio
715 592 777 630 post
801 599 924 626 naturaej
944 589 1029 624 debi-

260 644 329 668 tum
351 635 462 667 solvit.

310 679 435 714 Aperto
463 671 612 705 cadavere
630 692 642 709 ,
683 672 828 711 pinguem
859 668 1028 709 quamdam

259 717 374 750 molem
397 717 427 746 in
451 714 568 745 sinistro
595 714 878 751 laterepraecipue
899 711 1028 742 latitan-

258 767 322 791 tem
343 777 352 793 ‚
382 754 418 787 &
451 754 604 786 intestinis
625 753 855 785 incumbentem
885 750 1028 784 exhibuit

258 798 429 830 abdomen.
460 797 583 827 Decem
605 793 698 824 libras
729 791 922 832 ponderabat
946 800 1029 830 prae-

258 839 362 871 dictus
384 845 493 871 tumor
508 834 661 873 cynicus.
682 834 987 867 FROMANNUS.

299 921 388 952 OBS.
421 921 508 953 1665.
548 913 699 959 Quaedana
738 915 851 949 mulier
893 923 1029 944 ventrem

259 960 377 993 summe
397 960 545 988 tumidum
567 966 622 994 per
632 955 747 987 multos
770 965 866 987 annos
885 953 1004 993 gestans
1017 973 1028 989 ,

256 1011 329 1033 cum
350 996 585 1036 consumptione
599 998 696 1030 totius
718 995 880 1036 corporis3
904 994 1027 1026 tandem

258 1043 332 1073 statis
352 1037 460 1072 ceffit.

300 1078 454 1112 Exhausta
484 1076 657 1108 abdominis
686 1087 766 1115 aqua
805 1077 955 1107 inventus
984 1073 1026 1105 est

259 1130 366 1152 tumor
388 1117 533 1155 insignis,
555 1115 590 1148 ὅ(
615 1118 717 1153 latus,
748 1125 822 1148 cute
846 1115 946 1147 valida
966 1115 1029 1144 cir-

258 1157 465 1192 cumducius,
487 1155 522 1187 δε
548 1156 691 1191 pluribus
712 1157 891 1186 eminentiis
914 1153 1026 1192 praedi-

260 1210 329 1232 tus.
354 1200 379 1229 E
401 1204 512 1234 genere
532 1194 746 1225 anomalorum
761 1196 861 1225 varias
878 1194 1026 1224 materias

258 1238 440 1273 continebat
461 1249 471 1267 ,·
506 1233 705 1273 pinguedinis
728 1244 836 1271 nempe
854 1256 862 1270 ,
894 1233 1027 1271 glutinis

258 1280 342 1315 albi,
363 1275 519 1314 sanguinis
541 1273 699 1310 subnigri,
719 1273 755 1305 &
777 1272 1028 1305 foetidisubstan-

260 1323 336 1353 tiam
357 1316 558 1349 aemulantes.
579 1315 756 1344 PALMA.

297 1401 385 1431 OBS.
411 1399 498 1426 1666.
519 1392 642 1425 Mulier
662 1391 858 1430 sexagenaria
879 1402 895 1422 a
919 1390 1025 1422 multis

259 1438 414 1472 mensibus
436 1446 543 1466 tumere
577 1431 708 1469 quodam
741 1437 822 1462 circa
854 1434 1026 1462 umbilicum

260 1493 326 1512 mm
358 1477 454 1508 dolore
481 1477 650 1513 gravatim>
672 1471 710 1502 ad
739 1471 863 1504 dorsum
889 1471 924 1502 &
948 1473 1027 1502 min-

238 1539 240 1541 ·
259 1518 353 1558 gendi
373 1511 749 1548 difficultatelaborabat-
771 1515 805 1543 In
826 1512 889 1543 dies
909 1510 1028 1543 cresce-

261 1561 313 1592 bat
337 1564 458 1594 tumor2,
481 1555 580 1585 donec
602 1552 726 1584 tandem
749 1553 864 1584 obierit
887 1561 989 1590 aegra.

303 1602 427 1636 Aperto
457 1594 622 1626 abdomine
645 1614 654 1629 ‚
683 1595 823 1624 occurrit
844 1601 948 1623 tumor
970 1591 1029 1623 stu-

262 1639 375 1680 pendae
396 1635 504 1671 molis,
527 1635 583 1671 qui
604 1632 693 1663 balim
714 1631 845 1665 habebat
867 1634 899 1663 in
916 1632 1032 1663 mesen-

262 1680 336 1711 terii
357 1684 492 1711 centro,
519 1683 590 1704 cum
613 1671 775 1704 arciiffima
799 1672 972 1704 adhaefione
992 1671 1031 1703 ad

263 1719 356 1752 finem
385 1714 524 1748 intestini
552 1713 613 1744 coli
638 1721 648 1756 ’ἒ
678 1715 733 1750 qui
763 1713 882 1744 scilicet
914 1720 1031 1752 praeter

262 1758 426 1792 materiam
450 1754 691 1787 steatomatolam
714 1763 806 1790 quam
830 1755 860 1784 in
875 1755 968 1784 variis
990 1753 1032 1783 lo-

263 1802 310 1832 cis
331 1796 532 1831 continebat,
568 1793 763 1825 substantiam
796 1792 964 1825 firmiorem
984 1802 1029 1824 re.

265 1838 434 1875 condebat.
455 1836 715 1869 VALSALVA.

305 1921 392 1951 osss.
416 1922 504 1954 1667.
525 1917 669 1948 Lustrato
700 1914 851 1947 cadavere
870 1912 1030 1953 cujusdam

268 1969 429 1998 puerperae
458 1957 588 1990 duorum
618 1956 654 1988 &
683 1958 815 1995 triginta
844 1965 998 1987 annorum
1021 1974 1031 1990 ‚

267 2000 355 2036 cujus
375 2009 510 2030 venrera
530 1998 677 2036 suppressis
700 2000 804 2028 lochiis
825 2001 1032 2030 intumuerat,

268 2040 426 2077 reperitur
445 2039 528 2070 latex
560 2037 725 2069 subluteus
756 2037 895 2076 stagnans
925 2039 956 2068 in
980 2035 1032 2066 ab·

268 2080 391 2111 domine
412 2101 420 2110 .
461 2081 619 2110 Praeterea
648 2080 679 2109 in
712 2078 913 2117 propatulum
943 2077 1032 2106 venit

270 2129 376 2151 tumor
397 2119 518 2155 quidam
538 2118 670 2157 cynicus
688 2138 699 2155 ,
730 2117 930 2156 hydatidibus
957 2115 1034 2148 obfi-

270 2168 345 2195 ωε,
376 2160 534 2197 peritoneo
558 2169 655 2198 prope
676 2159 857 2190 umbilicum
879 2157 1033 2192 adflatus,

271 2200 329 2238 qni
350 2199 457 2234 majori
486 2202 626 2230 materiae
648 2199 831 2238 puruiemae
861 2200 949 2235 copia
973 2197 1034 2229 sca-

271 2240 376 2273 tebat·
398 2241 424 2271 E
446 2239 767 2272 MISCELLANEIS
787 2240 1003 2272 cuklosis.

313 2322 400 2353 OBS.
425 2323 512 2353 1668.
543 2320 604 2352 Vir
635 2319 899 2358 quadragesimum
928 2318 1034 2352 aetatis

1083 199 1144 227 qua
1165 191 1403 229 ingravescente
1424 193 1562 229 erumpit
1583 197 1731 227 mmmm,
1756 194 1844 226 nulla.

1080 238 1148 261 arte
1169 231 1316 268 feriandus
1331 253 1342 263 .
1363 234 1434 274 Quo
1457 240 1604 270 pergente
1624 232 1730 267 *sensim
1754 238 1784 263 in
1807 245 1846 266 a.

1079 269 1237 340 gophigm
1260 271 1372 302 incidit
1394 280 1496 308 aeger‚
1516 273 1714 309 quatandem
1734 273 1844 306 confe-

1115 319 1147 339 us
1170 320 1187 339 o
1212 317 1267 341 ut.

1114 350 1280 388 Repertus
1300 349 1340 383 est
1367 351 1399 380 in
1415 349 1583 385 ⁴abdomine
1603 352 1711 390 ingens
1733 352 1848 388 absces-

1079 388 1149 427 sus,
1172 399 1264 427 quem
1282 399 1395 422 vocant
1406 389 1571 428 stenoma,
1593 391 1681 429 cujus
1693 395 1850 431 magnitu-

1079 430 1119 461 do
1149 429 1187 461 ad
1217 440 1309 461 ovum
1340 430 1514 466 anserinum
1544 432 1712 465 accedebat
1733 455 1742 464 .
1764 435 1850 466 CA-

1080 472 1340 508 MERARIUS.

1121 554 1208 583 oBs.
1228 554 1319 582 1668.
1342 551 1411 589 (a)
1442 555 1476 584 In
1504 551 1656 584 cadavere
1686 554 1778 590 pueri
1803 553 1853 586 bi-

1080 592 1200 628 melitis
1220 595 1275 628 qui
1299 600 1451 627 tumorem
1473 592 1519 622 ‘ab
1540 593 1685 624 umbilico
1707 592 1744 623 ad
1768 593 1846 624 vest..

1078 641 1145 663 cam
1168 630 1264 669 usque
1282 630 1474 668 protractum
1489 631 1622 668 gerebat
1635 654 1644 668 ‚
1665 632 1847 671 reperieba-

1080 682 1133 704 tur
1147 681 1246 709 aquae
1266 681 1376 710 magna
1398 674 1559 708 quantitas
1580 673 1718 710 stagnans
1737 675 1767 703 in
1792 684 1845 704 ca-

1078 711 1365 747 nitae-urachae,
1402 721 1476 749 quae
1510 710 1670 742 videbatur
1707 712 1846 745 conflata.

1081 761 1218 791 quatuor
1241 752 1418 790 ligamentis
1441 750 1622 783 umbilicum
1646 751 1754 783 versus
1772 762 1848 783 con-

1081 796 1166 825 nexis
1194 792 1230 825 &
1258 803 1276 823 e
1306 801 1417 824 contra
1446 791 1630 823 divaricatis
1659 801 1756 830 prope
1777 792 1851 823 veli-

1078 844 1146 866 cam
1159 854 1168 870 ‚
1191 835 1222 867 in
1243 832 1332 871 cujus
1343 831 1511 864 substantia
1523 831 1695 865 :musculosa
1716 831 1849 865 firmiter

1079 872 1299 907 adhaerebant.
1324 874 1526 906 PORTAL.»

1118 956 1209 987 OBS.
1230 957 1318 990 1669·
1339 955 1371 984 In
1395 952 1548 985 cadavere
1564 950 1723 991 cujusdam
1744 956 1849 994 hydro-

1077 999 1162 1034 pici,
1194 995 1248 1031 qui
1280 1005 1295 1023 a
1326 993 1441 1032 septem
1471 994 1561 1025 annis
1591 992 1734 1025 abdomen
1770 997 1844 1024 mole

1078 1035 1277 1075 portentosum
1296 1034 1453 1071 gestabat,
1484 1034 1649 1066 invenitur
1673 1032 1780 1067 saccus
1800 1035 1848 1064 in-

1079 1085 1172 1115 gens,
1196 1075 1354 1105 uberrimo
1374 1084 1466 1111 aquae
1488 1082 1644 1113 proventu
1665 1073 1819 1105 distentus
1838 1093 1851 1110 ,

1079 1126 1097 1146 e
1121 1116 1284 1152 peritoneo
1305 1114 1489 1153 oriundus3
1519 1113 1572 1145 sub
1594 1124 1657 1152 quo
1679 1114 1850 1147 latitabant

1079 1155 1200 1186 viscera
1219 1163 1231 1191 ς
1267 1162 1383 1191 praeter
1405 1163 1496 1190 quem
1517 1157 1548 1183 in
1573 1153 1771 1191 εοαῑρεᾶιιιῃ
1795 1163 1849 1185 ve-

1079 1193 1183 1224 niebat
1216 1195 1246 1223 in
1265 1194 1397 1228 ,regione
1419 1191 1632 1230 hypogastrica
1666 1192 1815 1223 steatoma
1838 1213 1850 1229 „

1079 1231 1218 1272 pendens
1257 1231 1332 1262 duas
1374 1230 1409 1263 δε
1453 1231 1681 1269 quinquaginta
1723 1232 1819 1263 libras
1836 1253 1849 1264 .

1078 1273 1385 1305 SCHEFFERUS.

1115 1353 1203 1382 OBS.
1239 1354 1326 1385 1670.
1356 1350 1491 1390 Quidam
1527 1361 1546 1382 e
1579 1351 1664 1391 lapsu
1695 1350 1733 1382 ab
1762 1360 1847 1388 equo

1077 1390 1270 1426 contusionem
1302 1387 1400 1424 passus
1431 1391 1471 1420 est
1503 1395 1583 1419 circa
1617 1395 1781 1428 lumborum
1804 1402 1850 1420 re-

1075 1435 1185 1470 gionam
1203 1449 1211 1457 .
1245 1427 1346 1460 Dolor
1368 1428 1493 1459 invadit
1528 1438 1648 1466 partem
1671 1427 1817 1461 affectam
1837 1437 1849 1468 ς

1079 1470 1114 1501 &
1139 1478 1192 1507 per
1221 1467 1380 1501 biennium
1411 1468 1585 1504 identidem
1617 1469 1820 1508 exasperatur
1841 1493 1850 1502 .

1082 1508 1220 1542 Tandem
1230 1507 1385 1539 exhaustis
1398 1507 1535 1545 viribus,
1556 1511 1651 1541 viram
1671 1520 1744 1541 cum
1767 1517 1849 1541 mor.

1083 1560 1115 1582 te
1139 1550 1348 1585 commutavit
1362 1571 1369 1580 .

1126 1593 1318 1622 Exenterato
1342 1588 1494 1620 cadauere
1516 1589 1779 1628 ingensappar-uit
1799 1597 1848 1619 tu-

1082 1640 1170 1666 mor,
1192 1632 1276 1661 cinca
1297 1628 1472 1660 mesenterii
1489 1638 1640 1661 >exortum
1654 1652 1663 1666 ‚
1695 1629 1852 1661 vertebris

1084 1671 1260 1703 lumborum
1283 1668 1391 1701 fibrosa
1413 1672 1607 1702 connexione
1632 1669 1767 1702 firmiter
1789 1669 1851 1701 hae-

1083 1722 1172 1744 rens.
1197 1712 1464 1743 VVARTHON
1479 1733 1488 1743 .
1759 1727 1763 1731 ·

1121 1794 1208 1824 035.
1230 1796 1318 1828 1671.
1342 1791 1467 1822 Mulier
1499 1790 1765 1829 quinquagenaria
1792 1800 1849 1828 per

1081 1835 1214 1871 triginta
1234 1842 1332 1863 annos
1360 1830 1535 1870 patiebatur
1563 1833 1594 1861 in
1626 1830 1776 1862 abdomine
1798 1831 1852 1861 do„

1081 1876 1190 1909 larem,
1219 1871 1301 1910 quasi
1327 1871 1446 1903 diceres
1466 1871 1677 1902 matricaiem.
1709 1870 1849 1902 Tandem

1083 1916 1205 1945 vulvula
1223 1921 1369 1950 correpta
1392 1912 1444 1944 die
1467 1923 1548 1943 nono
1568 1910 1605 1941 ad
1629 1911 1731 1948 plures
1753 1911 1853 1943 abiit.

1124 1952 1210 1985 sesto
1232 1951 1385 1984 cadavere
1405 1954 1562 1990 reperitur
1584 1960 1687 1981 tumor
1707 1960 1852 1983 annexus

1084 1994 1168 2025 recto
1191 1993 1337 2024 intestino
1350 2008 1358 2023 .·
1381 2000 1449 2022 erat
1469 2001 1486 2021 e
1506 2000 1618 2029 genere
1639 1990 1850 2029 cysticorum3

1085 2042 1181 2072 atque
1204 2033 1390 2064 recondebat
1401 2031 1618 2069 pinguedinem
1634 2051 1642 2066 ,
1662 2030 1785 2067 sebum,
1806 2031 1852 2063 os.

1086 2075 1138 2112 sa,
1156 2073 1284 2108 dentes,
1305 2071 1341 2104 &
1362 2070 1513 2108 capillos·
1536 2072 1693 2103 BOSCUS
1707 2093 1714 2101 .
1748 2073 1755 2078 “

1125 2155 1309 2189 OBS.1672.
1328 2153 1361 2182 In
1383 2150 1534 2183 cadavere
1555 2152 1670 2183 vetulae
1692 2162 1763 2189 quae
1785 2165 1850 2182 con-

1084 2199 1169 2225 sinuo
1191 2196 1258 2224 alvi
1278 2194 1366 2232 fluxu
1391 2202 1443 2230 per
1466 2192 1517 2223 sex
1542 2191 1745 2224 hebdomadas
1768 2192 1851 2223 labo-

1083 2242 1230 2270 tavent,
1254 2234 1413 2271 reperitur
1436 2232 1488 2265 sub
1512 2234 1712 2270 ventriculo,
1745 2242 1850 2265 tumor

1086 2275 1217 2314 cysticus
1238 2283 1365 2311 magnus
1385 2272 1421 2306 &
1444 2274 1598 2305 rotundus
1619 2295 1628 2310 ‚
1660 2277 1711 2305 ovi
1733 2273 1850 2306 anseri-

1086 2319 1119 2348 ni
1139 2313 1375 2353 magnitudine,
1398 2316 1561 2348 materiam
1587 2317 1754 2385 pinguem?
1778 2316 1853 2346 mel-

1747 2365 1811 2387 eim
