1945 2615
332 122 414 162 280
662 113 1017 157 LAESIONES

272 193 430 233 supptess‘o
449 194 532 226 circa
563 191 715 224 decimum
745 190 824 221 diem
853 200 870 220 e
889 190 954 220 vita
975 199 1025 218 ex-

103 251 240 282 Pctmo·
269 235 374 268 ‘emt'

101 297 179 320 Nes.

311 276 466 307 Pulmonis
495 273 602 305 finistri
635 282 705 310 pars
734 271 872 311 superior
904 277 968 299 tota
991 268 1022 296 in

270 325 423 347 tumorem
445 314 650 349 obduruerat,
675 312 710 343 ὅ(
735 312 852 350 plevrae
873 308 1023 339 etiamin-

271 355 437 387 flammatae
468 356 561 385 variis
590 355 621 384 in
653 352 728 382 locis
768 347 985 381 adnectebatur
1015 367 1024 376 .

270 399 394 428 Dexter
416 405 487 425 vero
506 414 515 430 ‚
546 393 599 424 etfi
622 391 735 423 arctius
757 390 875 420 haerens
895 406 906 421 ,
936 385 1025 417 sanus

268 434 512 474 deprehenditur
522 457 530 466 .
550 433 787 466 VALSALVA
800 451 807 460 .

306 519 392 548 OBS.
418 526 483 553 119.
505 514 564 546 Vir
597 513 732 549 quinque
754 508 792 545 ὃς.
820 507 950 545 trIginta
969 515 1024 536 an.

269 568 379 587 norum
405 558 484 594 febre
515 552 669 584 laborabat
691 557 780 580 acuta
800 568 810 583 ,
841 558 909 578 curn
932 549 1024 576 dolore

265 601 384 636 penoris
404 619 411 628 .
455 593 641 626 Exacerbata
671 587 757 620 febre
787 587 909 618 accedit
950 584 1024 615 deli.

265 639 378 673 rium;
416 635 449 668 δι
480 634 530 664 die
561 631 721 662 undecimo
751 627 789 659 ad
821 627 945 665 superos
969 625 1024 655 mi-

288 684 387 707 ravit.

264 686 284 715 g
309 715 490 747 Pulmonum
515 711 625 750 postica
649 719 720 748 pars
751 708 947 745 aliquantum
970 703 1025 735 du-

265 767 298 786 ra
322 754 458 786 &rubra
477 754 654 782 invenitur.
675 751 815 785 Uterque
837 745 938 778 cordis
951 755 1024 775 ven-

265 794 399 826 triculus
429 793 657 824 concretionem
680 787 853 827 polyposam
875 784 1023 817 reconde-

266 835 316 865 bat
337 854 343 862 ·
376 833 539 864 Paululum
562 830 621 861 seri
645 830 783 860 occurrit
815 829 845 856 in
868 825 1022 861 cerebro;

265 873 300 906 <Sc
326 873 432 912 plexus
461 869 620 903 choroides
642 870 747 898 lateris
774 866 883 898 finistri
905 866 1022 896 varico-

263 913 313 945 sus
335 921 520 945 annotatur.
543 908 800 942 VALSALVA.

302 997 388 1027 OBS.
413 1005 480 1025 120.
499 991 771 1035 Quadragenarius
803 988 919 1027 duplici
953 996 1024 1016 con-

264 1034 403 1066 metatus
427 1033 531 1065 hernia
545 1053 554 1069 ,
575 1035 700 1062 thoracis
716 1029 833 1064 ualere,
855 1030 889 1060 ὅ(
908 1028 1021 1064 difficili

263 1077 457 1113 respiratione
478 1074 673 1109 corripitur,
698 1081 767 1101 cum
790 1067 908 1099 difficili
932 1069 1023 1098 decu.

264 1114 330 1145 bitu
354 1116 385 1144 in
407 1113 546 1144 dorsum.
569 1112 710 1142 Multum
731 1112 860 1148 expuit,
893 1107 926 1138 ὃ(
952 1117 1021 1136 ere-

263 1153 462 1199 cra-cervice
493 1153 608 1189 spirare
629 1154 778 1187 cogitur.
810 1149 943 1180 Decimo
973 1147 1022 1175 die

263 1195 463 1231 extinguitur
476 1213 484 1220 .

302 1232 446 1263 Lustrato
467 1228 617 1260 cadavere
640 1228 844 1258 inveniuntur
866 1225 1022 1262 pulmones

263 1270 368 1303 versus
388 1268 511 1301 dorsum
540 1267 725 1298 inflammati
749 1267 783 1299 ὅ(
812 1265 944 1296 multum
966 1264 1023 1294 du-

262 1313 289 1342 ri
307 1320 315 1348 ·,
334 1320 369 1341 ac
392 1310 507 1348 plevrae
524 1307 608 1338 arcte
629 1309 762 1337 accreti.
796 1308 860 1335 Cor
880 1305 1022 1333 contine-

262 1351 314 1381 bat
334 1350 549 1381 concretiones
561 1345 740 1385 polyposas·
763 1344 1002 1376 VALSALVA
1016 1363 1023 1372 .

303 1433 388 1461 OBS.
412 1440 477 1459 121.
497 1429 555 1460 Vir
575 1434 709 1464 quatuor
738 1424 773 1457 &
797 1422 1024 1461 quinquaginta

261 1480 411 1501 annorum
434 1471 486 1505 qui
509 1481 542 1499 ex
565 1467 635 1502 casu
655 1465 865 1499 decubuerat,
895 1471 948 1499 per
973 1459 1023 1490 sex

261 1510 325 1541 dies
350 1509 408 1540 fine
432 1507 516 1539 sensu
539 1507 572 1539 ὅ(
595 1514 703 1540 motu,
734 1515 792 1536 non
825 1510 946 1541 poterat
970 1509 1026 1529 un-

263 1559 357 1583 ouam
384 1547 505 1583 iacere,
535 1545 584 1578 sed
607 1545 773 1582 cogebatur
795 1542 913 1580 semper
933 1541 964 1569 in
987 1539 1023 1569 le·

262 1588 310 1620 &0
332 1588 452 1624 sedere,
482 1598 550 1619 curn
570 1594 705 1624 perpetua
735 1582 876 1622 spirandi
896 1580 1025 1618 difficul-

266 1640 350 1664 tate,
374 1628 408 1660 ὃ(
433 1626 641 1659 suffocationis
662 1624 825 1663 periculo.

271 1700 276 1702 ,
307 1667 373 1699 Post
403 1668 523 1698 obitum
552 1665 650 1696 sectus
680 1663 805 1695 exhibet
847 1661 1023 1700 pulmonem

259 1705 378 1738 ¹umme
401 1705 629 1738 inflammatum
654 1725 662 1740 ,
691 1714 762 1735 cum
793 1703 904 1733 dextro
924 1698 1025 1730 cordis

269 1747 467 1783 ventriculo,
487 1755 556 1778 atro
576 1744 722 1782 sanguine
743 1744 885 1782 repleto,
912 1740 1028 1772 RUM-

259 1789 418 1821 LERUS.

300 1872 387 1901 OBS.
409 1879 474 1900 ιη.
505 1869 727 1907 Sexagenarius
756 1867 854 1898 dolore
884 1860 1018 1903 prehen-

259 1910 345 1940 ditur
368 1913 397 1939 in
419 1908 527 1940 dextra
551 1913 681 1940 thoracis
705 1916 792 1945 parte
808 1928 816 1942 ,
839 1916 908 1936 cum
925 1905 1019 1942 febre,

254 1952 305 1987 firi
328 1970 336 1985 ‚
366 1948 401 1980 &
423 1947 513 1986 sputo
536 1959 627 1985 parco
649 1958 658 1986 ;
687 1947 809 1978 facilius
833 1945 1018 1976 decumbens

260 1991 292 2019 in
315 1988 435 2021 dorsum
455 2010 461 2018 .
493 1991 575 2021 Dein
608 1988 691 2024 sputi
713 1990 800 2025 copia
834 1986 929 2021 major
952 1983 983 2014 fit
1008 1990 1017 2020 ;

258 2032 424 2076 quo-circa
447 2029 646 2061 undecimum
669 2027 749 2059 diem
773 2023 948 2065 suppresso,
977 2027 1023 2054 in-

258 2076 347 2099 terut
370 2093 376 2099 .

301 2109 422 2139 sinister
444 2109 569 2146 pulmo,
590 2108 642 2139 etsi
659 2107 747 2139 sanus
764 2129 773 2144 ,
794 2104 934 2142 undique
959 2104 1020 2142 ple-

259 2158 325 2179 vrae
347 2147 539 2180 adhaetebat.
561 2152 686 2181 Dexter
711 2158 782 2178 vero
806 2158 821 2177 a
848 2146 953 2183 plevra
977 2144 1020 2174 Γο-

259 2189 363 2224 lutus,
385 2185 574 2225 summopere
588 2187 818 2221 inflammatus,
837 2185 940 2216 versus
951 2184 1020 2215 dor-

258 2228 322 2259 sum
345 2249 353 2263 ,
382 2226 619 2264 deprehenditur
639 2250 647 2264 ,
679 2237 712 2258 ut
745 2227 895 2257 solidioris
917 2227 1019 2256 carnis

259 2267 456 2299 substantiam
478 2264 592 2297 referat
606 2289 613 2298 .
636 2269 873 2299 VALSALVA
890 2287 900 2298 .

297 2349 384 2380 OBs.
410 2357 475 2385 ¹²3·
498 2344 721 2379 Graffabantur
751 2348 782 2377 in
804 2345 894 2377 ltalia
920 2345 1017 2383 febres

1069 108 1454 166 ΡΕεΤοιυς,μ

1076 189 1214 216 ardentes
1234 185 1366 223 spuriae,
1386 182 1423 213 ad
1441 182 1669 213 continentium
1690 185 1832 212 naturam

1076 225 1274 256 accedentes.
1295 223 1482 255 Invadebant
1503 231 1572 251 cum
1592 225 1683 252 dolore
1704 225 1830 259 capitis,

1075 268 1256 299 lumborum,
1279 263 1313 295 δε
1337 264 1431 293 totius
1453 263 1610 298 consutis,-
1637 269 1732 298 atque
1752 263 1803 299 fin·
1821 277 1831 295 ‚

1075 303 1298 346 comate'vigili
1321 302 1355 334 ὃς
1373 299 1558 340 phrenmde.
1588 301 1742 331 Nonnulli
1764 310 1832 331 ver·

1075 354 1138 375 mes
1157 342 1359 376 deficiebant.

1117 383 1212 415 Sectis
1236 383 1392 413 variorum
1421 377 1618 411 cadaveribus
1641 378 1835 409 invenieban.

1076 431 1129 454 tur
1151 422 1305 462 phlogoses
1327 419 1501 459 praesertim
1530 419 1730 457 pulmonum3
1763 428 1834 448 ver-

1075 473 1139 494 mes
1160 483 1169 498 ‚
1198 461 1233 494 &
1258 459 1437 498 putredines
1465 461 1548 491 circa
1571 457 1688 490 viscera
1710 467 1836 488 natura-

1077 503 1136 535 lia.
1159 502 1431 534 SYLVATICUS
1446 522 1454 532 ,

1115 585 1201 615 OBs.
1224 592 1289 615 124.
1306 582 1366 612 Vir
1388 581 1525 617 quinque
1545 578 1580 611 ὃς
1603 577 1832 615 quinquaginta

1075 632 1225 653 annorum
1249 620 1285 650 de
1305 621 1397 649 dolore
1427 620 1570 655 queritur
1593 620 1624 647 in
1650 618 1750 648 medio
1772 620 1835 648 :ho-

1076 667 1173 693 racis.
1202 663 1235 691 In
1259 657 1379 690 dorsum
1403 657 1554 688 duntaxat
1574 657 1684 688 cubare
1707 656 1800 695 potest
1822 673 1832 693 5

1077 701 1112 733 δε
1134 699 1235 731 erecta
1257 700 1380 729 cervice
1409 696 1520 735 saepius
1548 695 1663 733 spirare
1682 698 1804 734 cogitur
1822 713 1830 727 a

1076 743 1139 774 Die
1162 738 1259 770 morbi
1280 737 1367 769 sexto
1389 736 1551 769 occubuit.

1126 781 1241 811 Pollica
1271 778 1424 816 pulmonis
1456 776 1562 806 sinistri
1593 785 1662 812 pars
1698 774 1830 805 multum

1074 821 1260 852 induruerat
1281 838 1291 854 ‚
1322 816 1356 849 ὅ(
1380 817 1497 855 plevrae
1523 815 1621 845 valide
1650 812 1832 845 annecteba-

1075 872 1127 893 tur
1141 881 1150 895 ‚
1170 869 1260 896 aeque
1284 868 1318 888 ac
1337 855 1578 895 diaphragmati.
1602 856 1693 891 Aqua
1711 863 1778 884 erat
1799 856 1833 884 in

1076 899 1248 940 pericardio
1272 897 1415 934 turbid23
1446 906 1514 927 cum
1537 894 1684 941 polxposa
1706 903 1847 924 concre-.

1077 945 1160 973 tione
1183 942 1213 969 in
1235 937 1336 969 cordis
1358 935 1532 968 ventriculo
1558 934 1671 965 dextro
1687 956 1696 966 .
1726 934 1832 966 VAL-

1075 982 1239 1014 sALVA.

1113 1065 1198 1094 OBS.
1225 1071 1288 1097 125.
1320 1061 1379 1093 Vir
1407 1059 1509 1091 aetatis
1537 1055 1726 1089 consistentis
1750 1052 1830 1092 febr·

1074 1115 1166 1134 acuta
1188 1103 1380 1139 corripitur,
1401 1110 1470 1130 cum
1495 1101 1586 1129 dolare
1609 1100 1735 1130 lateris,⁴
1761 1095 1830 1130 spu-

1074 1154 1102 1173 to
1123 1153 1261 1175 cruento,
1284 1140 1412 1177 aliisque
1433 1136 1626 1177 gravioribus
1647 1135 1842 1173 symptomaa.

1073 1182 1155 1212 tibus
1167 1174 1830 1218 peripneumoniamconcomitantibus,un

1075 1221 1199 1251 tandem
1221 1219 1337 1249 lethum
1359 1217 1536 1248 accersunt.

1114 1262 1223 1297 Hepar
1246 1260 1351 1295 ingens
1375 1253 1680 1293 totumepigassrium
1701 1260 1834 1287 occupa-

1073 1300 1143 1331 bat.
1176 1301 1250 1329 Lien
1272 1296 1442 1328 emmaus
1462 1304 1547 1325 erat.
1580 1292 1742 1324 Pulmones
1762 1289 1834 1320 duri

1075 1339 1110 1369 ὅ(
1144 1337 1352 1370 inflammati,
1383 1347 1418 1365 ac
1449 1333 1588 1364 nonnihil
1620 1330 1738 1371 putridi
1759 1339 1834 1360 cou-

1075 1376 1284 1414 spiciebantur
1302 1395 1310 1403 .
1339 1375 1594 1404 FANTONUS.

1116 1457 1200 1486 038.
1225 1457 1290 1483 126.
1314 1452 1419 1483 Puella
1442 1450 1506 1482 dies
1527 1448 1764 1488 quatuordecim
1788 1455 1842 1478 na:

1077 1506 1108 1527 ta
1126 1500 1242 1533 ster-tore
1263 1492 1481 1526 afficiebatur,
1502 1501 1571 1521 cum
1594 1490 1681 1520 faciei
1706 1488 1835 1519 rubore.

1077 1535 1178 1568 Laetis
1211 1533 1377 1564 fumonem
1410 1530 1603 1569 respuebat3
1641 1528 1753 1566 quibus
1783 1537 1835 1566 per

1077 1576 1145 1608 octo
1166 1573 1230 1604 dies
1253 1571 1455 1610 perstantibus
1479 1572 1583 1601 vivere
1604 1569 1710 1599 desiit.

1116 1613 1307 1646 occurrebat
1325 1615 1412 1650 copia
1424 1611 1531 1641 bilisin
1545 1609 1741 1640 ventriculo.
1762 1607 1835 1638 Pul-

1076 1664 1180 1686 mones
1208 1655 1239 1683 in
1272 1652 1384 1691 postica
1416 1650 1590 1690 praesertim
1627 1657 1716 1686 parte
1744 1656 1834 1677 erant

1075 1694 1261 1727 inflammati
1279 1713 1288 1728 ‚
1318 1702 1388 1723 cum
1412 1693 1504 1721 variis
1536 1690 1663 1719 maculis
1689 1689 1783 1726 nigris
1803 1689 1834 1717 in

1078 1745 1188 1768 eorum
1208 1732 1392 1764 substantia.
1420 1730 1677 1764 VALSALVA.

1110 1821 1195 1850 OBS·
1221 1827 1288 1854 ¹²7·
1308 1814 1441 1857 Quidam
1469 1813 1557 1845 senex
1588 1810 1762 1842 ratarrhali
1784 1808 1832 1844 af-

1065 1858 1190 1899 feffione
1213 1857 1432 1889 detinebatur.
1464 1854 1580 1885 Nullus
1601 1851 1687 1881 dolor
1709 1856 1775 1878 erat
1799 1850 1830 1876 in

1073 1899 1198 1930 thorace
1218 1919 1227 1933 ,
1260 1896 1295 1928 &
1327 1896 1399 1927 satis
1421 1894 1494 1925 bene
1515 1893 1545 1924 se
1579 1890 1687 1920 habere
1711 1886 1837 1919 videba-

1072 1949 1151 1976 tui-3
1181 1936 1236 1968 etfi
1258 1935 1294 1966 ad
1318 1937 1483 1967 interitum
1510 1929 1668 1967 vergebat.

1111 1980 1250 2010 Thorace
1269 1986 1379 2014 aperto
1397 1992 1406 2010 ‚
1440 1972 1527 2004 lobus
1552 1969 1691 2006 superior
1715 1965 1835 2004 pulmo.

1077 2022 1123 2050 nis
1144 2018 1245 2049 dextri
1269 2016 1427 2049 tumidus,
1448 2013 1543 2042 durus
1565 2007 1599 2039 ὅ(
1623 2006 1767 2044 sanguine
1787 2008 1836 2035 in-

1074 2058 1190 2090 fuctus
1227 2053 1473 2093 deprehenditur
1494 2070 1502 2081 .
1541 2048 1674 2079 CLAR.
1715 2047 1831 2077 MOR-

1074 2098 1277 2131 GAGNUS.

1113 2180 1197 2211 OBS.
1221 2177 1285 2208 128.
1308 2176 1388 2205 Puer
1407 2169 1605 2209 quadriennis
1629 2167 1710 2204 febre
1733 2166 1832 2197 corti.

1074 2221 1160 2257 pitur
1180 2217 1346 2252 continua,
1371 2223 1435 2243 cum
1451 2213 1504 2250 siti
1526 2206 1742 2241 intenliffima;
1773 2213 1834 2242 qua

1073 2259 1156 2291 brevi
1175 2257 1391 2293 extinguitur.

1113 2297 1255 2330 Lustrato
1276 2295 1425 2327 cadavere
1447 2309 1456 2328 ⁵
1489 2290 1646 2328 reperitur
1680 2283 1835 2325 pulmonis

1074 2337 1152 2371 haud
1173 2338 1281 2374 exigua
1305 2345 1374 2374 pars
1405 2329 1540 2373 phlogofi
1563 2328 1642 2360 tacta
1661 2350 1670 2366 ,
1700 2323 1834 2395 effren-
