1945 2615
301 113 410 141 v111
649 95 1430 143 PROGZMIUM.

237 177 348 219 cibus
371 205 384 226 ,
415 189 460 217 ac
493 176 727 232 posthabitis
760 175 1075 218 ineluSiabiiibus
1106 176 1324 228 aerurnnis,
1365 193 1450 236 qua:
1484 178 1601 221 solita
1633 178 1833 225 litterato³

235 251 325 278 rum
357 235 550 292 stipendia
581 237 749 279 audiunt
770 265 781 287 ,
823 237 963 279 huicce
996 236 1125 278 laboti
1166 235 1204 278 se
1235 238 1463 292 impavidos
1495 238 1722 296 objiciunt;
1762 245 1830 295 δε,

233 309 470 353 quocunque
501 296 655 339 excusso
687 309 823 349 metu,
855 310 879 339 a
909 295 1115 354 proposito
1146 296 1336 354 nusquam
1366 296 1613 350 defleftunt,
1643 296 1828 340 distrahi—

232 369 310 413 que
345 356 509 399 minime
543 357 782 414 patiuntur.

313 415 481 458 Constat
523 431 574 459 ex
615 415 895 472 antiquissimis
935 414 1106 458 historiae
1150 417 1424 460 monumentis
1453 445 1466 470 ,
1517 418 1624 461 hand
1668 417 1827 476 prorsus

231 473 384 516 latuisse
417 474 564 530 priscos
599 476 775 517 medicos
807 476 913 516 hanc
954 474 1310 530 praestantiffimam
1352 476 1522 520 scientiae
1554 479 1707 522 clinicae
1731 493 1828 536 par-

232 544 352 584 tem,
393 549 477 590 qua:
514 536 650 577 multis
693 533 916 590 parasangis
958 547 1117 576 caeteras
1158 533 1243 590 post
1285 534 1323 577 se
1363 536 1584 594 relinquit.
1623 541 1714 582 Nec
1755 539 1828 591 du·

231 593 358 635 bitare
401 595 496 635 iicet
539 596 634 652 quin
677 595 868 650 AEgyptii
910 592 1134 635 sacerdotes
1174 594 1398 636 condienda
1440 597 1591 653 raptim
1628 598 1829 641 rimaren-

229 663 298 694 tur
340 667 542 709 corpora3
582 668 668 710 quae
708 653 950 712 caeteroquin
992 652 1257 709 superstitiosa
1298 655 1561 698 veneratione
1592 685 1607 708 ,
1654 668 1830 712 excepta·

229 711 488 768 introspicere
531 713 638 754 nefas
681 714 936 755 habebatur.
976 715 1051 756 Sed
1095 726 1234 768 parum
1278 714 1556 758 conducebant
1597 715 1671 757 511ae
1709 716 1826 758 rudes

228 772 530 828 indagationeS,
562 773 690 814 donec
721 771 959 830 AEsculapius
979 801 991 822 ,
1033 785 1111 814 non
1147 772 1388 828 Epidaurius
1418 788 1491 816 nec
1523 776 1686 816 Graeous
1709 803 1723 825 ,
1763 775 1829 817 uti

227 831 479 874 somniarunt
512 846 672 889 poetae,
714 831 777 874 sed
813 832 1005 888 Memphi
1037 830 1184 883 natus,
1226 846 1396 888 corpora
1437 834 1617 876 humana
1658 833 1828 875 secanda

227 893 418 946 curavit;
459 904 503 934 ut
529 892 637 944 fibi,
687 892 736 933 ad
771 893 917 934 altiora
960 891 1174 942 tendenti,
1215 891 1508 935 innotescerent
1549 891 1744 948 partium*
1768 891 1828 935 sa-

228 951 337 992 brica
357 979 370 1001 ,
402 952 517 994 simul
550 954 587 992 &
622 953 858 994 morborum
890 951 1011 995 causae
1033 981 1046 1002 ,
1088 952 1126 992 ni
1160 952 1423 1008 quaerentium
1456 951 1580 995 oculis
1611 952 1650 994 se
1683 952 1828 994 subdu·

226 1022 394 1051 cerent.
435 1007 648 1067 AEsculapii
679 1011 842 1067 vestigia
884 1024 1067 1067 premere
1102 1010 1261 1053 summo
1305 1012 1454 1055 honori
1486 1013 1658 1055 ducebat
1693 1011 1827 1055 latim.-

227 1083 297 1111 ma
328 1066 601 1125 Asclepiadum
627 1067 821 1123 familia;
852 1084 874 1111 e
906 1084 984 1125 qua
1018 1083 1095 1109 non
1129 1069 1255 1110 solum
1289 1071 1524 1124 prodierunt
1558 1086 1670 1128 reges
1702 1074 1740 1114 8<
1773 1071 1828 1114 sa-

227 1127 407 1170 cerdotes
439 1141 540 1185 quos
572 1128 735 1169 obscura
767 1128 876 1171 fama
906 1130 1109 1181 recond1t;
1143 1127 1206 1168 sed
1239 1127 1408 1183 ipsemet
1436 1133 1685 1187 Hippocrates
1715 1142 1828 1173 aeter·

227 1201 278 1229 na
313 1187 510 1230 memoria
543 1188 683 1243 dignus
703 1216 716 1239 ,
749 1187 856 1242 cujus
888 1200 1023 1229 tamen
1056 1190 1196 1242 Opera
1229 1189 1401 1230 rudioris
1432 1201 1663 1242 anatomes‚
1702 1189 1733 1233 fi
1764 1203 1828 1234 ac·

226 1260 406 1289 curatam
439 1247 569 1290 cordis
603 1247 809 1290 historiam
838 1248 1044 1303 excipias,
1076 1246 1277 1303 specimen
1311 1249 1509 1304 praebent.

285 1307 393 1349 Dein
435 1321 579 1363 parum
621 1307 728 1349 inter
766 1306 982 1362 caliginosa
1023 1318 1209 1362 tempora
1252 1308 1487 1362 proficiebat
1533 1320 1761 1362 anatome,
1803 1319 1830 1352 a

225 1366 353 1423 prisca
387 1366 638 1408 medicorum
673 1377 791 1421 gente
823 1367 1097 1413 adumbrata,
1137 1379 1182 1405 ac
1216 1364 1321 1406 forte
1355 1367 1695 1423 phaofi-<norum
1737 1382 1828 1425 gar·-

224 1427 391 1467 rulitate
423 1425 635 1479 extinfta3
676 1439 766 1466 cum
790 1453 803 1476 ,
846 1424 979 1466 multo
1016 1423 1141 1480 post,
1181 1424 1465 1477 Erasistratus,
1508 1440 1612 1466 inter
1647 1428 1827 1468 medicos

226 1487 389 1528 Graecos
420 1485 733 1536 celeberrimus,
775 1485 977 1527 Seleucho
1007 1485 1146 1539 primo
1178 1483 1390 1535 admetus,
1430 1483 1538 1538 cujus
1579 1483 1710 1526 filium
1743 1488 1831 1527 An-

227 1545 411 1586 tiochum
435 1573 449 1594 ,
490 1557 630 1586 amore
665 1545 864 1600 percitum
888 1573 900 1595 ,
940 1545 979 1586 3<
1011 1542 1060 1583 ad
1094 1543 1234 1584 incitas
1268 1543 1470 1585 redafflum
1492 1574 1506 1593 ,
1549 1542 1737 1600 stupenda
1769 1544 1830 1587 so-

227 1605 342 1646 lertia
385 1606 542 1646 curavit
572 1633 585 1655 ,
637 1603 875 1645 accuratiori
925 1603 1164 1644 cadaverum
1220 1602 1410 1644 haetenus
1451 1603 1556 1660 quast
1601 1604 1825 1646 invisorum

227 1664 405 1705 examini
446 1664 713 1719 invigilavit,
754 1676 799 1705 ut
842 1662 1059 1719 praesertim
1094 1661 1335 1703 scrutaretur
1379 1664 1509 1704 morbi
1545 1663 1742 1705 rationem
1784 1665 1825 1705 δε

226 1724 373 1765 mortis
404 1722 580 1764 causam¹
618 1727 704 1765 Nec
737 1724 885 1764 minori
918 1725 1103 1764 encomio
1133 1721 1391 1763 celebrandus
1424 1722 1536 1764 venit
1566 1718 1822 1778 Heropbilus,

226 1782 370 1824 scholae
404 1782 685 1824 Alexandrinae
727 1797 866 1838 parens
907 1784 945 1824 δε
987 1782 1140 1830 decus,
1181 1782 1249 1838 qui
1295 1780 1514 1832 sexcenta,
1557 1781 1616 1822 uti
1649 1780 1775 1823 fertur
1808 1812 1821 1835 ,

225 1842 442 1884 hominum
474 1842 667 1884 cadavera
691 1871 703 1892 ,
754 1855 954 1883 annuente
986 1843 1023 1882 8<
1058 1841 1220 1882 favente
1252 1840 1469 1883 Ptolomeo
1502 1842 1690 1883 Lathuro
1710 1869 1724 1892 ,
1764 1840 1822 1883 se-

227 1901 351 1942 aioni
386 1901 573 1955 tradidit3
605 1904 643 1942 8<
677 1901 957 1956 investigandis
978 1902 1226 1942 internarum
1259 1900 1436 1955 partium
1459 1900 1701 1950 laesionibus,
1732 1900 1824 1942 stre-

228 1975 349 2002 nuam
384 1975 547 2016 operam
583 1963 782 2002 navavit.
826 1962 936 2003 Hinc
978 1962 1084 2001 haud
1120 1960 1331 2001 immerito
1364 1960 1470 2002 inter
1512 1961 1660 2016 primos
1693 1960 1751 2001 rei
1784 1975 1824 2002 a·

228 2020 441 2062 natomicae
474 2021 645 2063 cultores
677 2021 874 2063 recenseri
917 2020 1063 2061 debent
1096 2020 1178 2060 bsni
1213 2018 1400 2074 postremi
1440 2021 1479 2061 8<
1519 2020 1643 2061 coaevi
1688 2018 1822 2062 aueto-

229 2094 312 2130 res,
344 2093 514 2136 quorum
548 2094 698 2137 opera,
732 2083 836 2137 proh
868 2080 1007 2122 dolor!
1040 2079 1166 2121 aetatis
1199 2078 1381 2119 barbarie
1415 2079 1640 2134 perierunt.
1803 2092 1806 2096 ·

290 2139 575 2181 occubuit-in
628 2140 827 2195 posterum
879 2152 1103 2191 anatome,
1137 2151 1225 2197 'per
1273 2139 1515 2194 quingentos
1556 2139 1715 2185 circiter
1756 2154 1823 2182 an·

230 2213 301 2242 nos
334 2199 505 2241 tenebris
536 2200 640 2255 quasi
683 2200 907 2253 damnata,
957 2200 1085 2241 donec
1118 2194 1317 2248 Galenus,
1358 2197 1462 2239 alter
1504 2199 1710 2240 medicinae
1755 2213 1823 2253 pa·

231 2273 321 2301 rens
361 2261 397 2301 8(
441 2259 652 2300 anatomiae
696 2261 880 2311 vindex,
922 2259 992 2302 suo
1033 2260 1194 2314 ingenio
1234 2255 1372 2298 duetus
1413 2259 1577 2314 propria
1618 2248 1822 2311 invem-d,

233 2319 298 2362 vel
329 2332 352 2360 a
385 2318 693 2376 praeceptoribus
726 2319 908 2375 priscisve
942 2317 1199 2376 scriptoribus
1230 2328 1426 2374 accepta,
1468 2317 1682 2361 tradiderit
1700 2331 1723 2370 ,·
1752 2320 1825 2375 qui

1607 2391 1761 2434 primus
