1945 2615
326 100 412 141 130
646 84 1006 128 LAESIONES

385 193 930 256 'sflcrzo

762 345 793 375 D
854 344 882 373 E

1051 86 1471 130 ABDOMINIS.

1047 216 1684 259 SEPTIMA..

1011 343 1300 373 LIENE.

367 444 1728 477 (ffifflvssessossovffiossffivstossffwvssossossoiff‘avssossessffi

555 533 1372 601 Ala-TICULUS
1501 539 1537 576 Ι.

905 649 1006 692 Lien
1036 649 1169 706 ingens
1185 679 1198 691 .

89 824 198 853 LIEN.
258 797 585 870 OBSERVATlo
606 805 676 832 9¹3·
698 793 832 838 Quidam
861 794 925 834 post
948 794 1018 827 diu-

351 847 460 869 turnas
474 837 574 874 febres
595 839 828 866 intermittentes
850 846 961 868 tumore
972 841 1019 866 ia-

252 880 330 917 figni
351 882 442 909 lienis
475 874 655 907 laborabam
680 885 751 906 cum
777 875 952 914 stranguria
975 874 1012 907 &

254 919 333 949 lotio
357 919 543 956 purulento.
569 914 734 946 Accedunt
752 914 813 946 cibi
834 914 988 947 fastidium
1002 936 1012 951 ‚

254 962 385 992 vomitus
408 958 517 994 biliost,
544 954 645 985 noctes
667 954 816 987 insomnes
835 955 873 988 δε
897 958 1011 987 macies

253 1007 324 1029 cum
339 1007 458 1029 tumore
469 995 603 1028 testiculi
617 994 745 1027 finistri.
765 999 887 1027 Interea
910 1007 1014 1027 erum-

254 1040 301 1075 pit
322 1050 340 1070 e
364 1040 527 1075 peritoneo
550 1046 646 1067 tumor
669 1036 786 1072 durus,
806 1036 1008 1071 dominicus,

254 1078 335 1108 latus
363 1077 397 1108 ὃ(
420 1078 589 1114 oblongus3
619 1086 636 1105 e
667 1086 730 1112 quo
761 1076 886 1108 tandem
917 1086 1007 1113 aper-

255 1126 289 1147 to
320 1117 425 1154 prodit
458 1125 515 1152 pus
545 1115 810 1145 steatomatosum.
841 1116 924 1146 Dein
953 1124 1005 1144 ex-

254 1156 353 1192 surgit
383 1163 487 1184 tumor
510 1154 541 1183 in
566 1154 692 1189 regione
713 1154 795 1183 renIs
815 1152 922 1192 finistri
955 1154 1007 1189 qui

255 1195 378 1226 nullum
401 1192 632 1231 suppurationis
655 1191 805 1223 indicium
827 1191 1009 1226 exhibebat.

254 1234 408 1267 Postremo
428 1240 572 1264 tumente
592 1230 775 1268 abdomine,
806 1231 1010 1270 omnibusque

253 1276 285 1306 in
310 1274 396 1312 pejus
418 1271 602 1306 ruentibus,
622 1270 660 1301 ad
683 1271 788 1309 plures
809 1274 940 1310 migrat.

297 1317 419 1352 Aperto
448 1311 600 1342 cadavere
632 1310 692 1341 iien
722 1310 758 1342 &
788 1311 883 1350 hepar
923 1314 1010 1342 inve-

256 1356 387 1386 niuntur
409 1350 565 1390 stupendae
588 1349 812 1387 magnitudinis
829 1362 839 1382 z
872 1351 926 1382 ille
949 1351 1014 1382 sex-

254 1393 345 1432 tuplo
364 1392 402 1423 ad
426 1392 585 1422 minimum
608 1390 724 1427 maj0r3
748 1388 804 1420 hoc
824 1389 1014 1423 extrinsecus

255 1435 412 1466 stratum.
448 1433 520 1463 Ren
553 1429 667 1461 sinister
697 1438 767 1460 erat
796 1432 890 1461 etiam
922 1429 1015 1460 solito

254 1473 409 1511 amplior,
439 1471 474 1503 δε
504 1479 590 1502 totus
620 1469 826 1509 purulentus.
854 1472 1015 1504 DORIN-

254 1516 370 1547 GIUS.

297 1636 382 1667 0135.
407 1644 475 1671 9¹4·
504 1631 634 1672 Juvenis
654 1631 766 1669 viginti
798 1641 952 1666 annornm
975 1631 1014 1663 li·

257 1686 329 1706 num
352 1675 548 1708 carminans,
578 1670 919 1709 hypochondriacorurn
949 1683 1013 1702 mo-

257 1726 316 1752 re,
345 1713 381 1745 de
403 1712 519 1744 levibus
551 1713 672 1742 ventris
701 1710 736 1743 &
768 1710 905 1744 thoracis
934 1710 1012 1743 affe-

255 1754 407 1788 &ionibus
429 1751 639 1791 querebatur.
661 1751 799 1784 Tandem
822 1752 850 1784 se
874 1752 1010 1790 prodidit

257 1806 351 1826 tumor
382 1798 414 1825 in
437 1791 645 1834 hypochondrio
665 1794 798 1831 sinistro,
829 1803 900 1824 cum
933 1803 1010 1831 pon-

255 1836 339 1866 deris
360 1833 468 1870 sensu,
498 1832 533 1864 ὃς
557 1833 665 1871 difficili
685 1834 767 1863 inter
790 1832 1009 1863 ambulandum

257 1876 470 1913 respiratione.
503 1873 564 1904 His
594 1881 723 1910 repente
750 1871 872 1903 acceffit
907 1873 1010 1910 largus

255 1916 417 1953 sanguinis
448 1917 603 1947 vomitus,
632 1922 702 1942 cum
736 1915 848 1943 virium
868 1911 1010 1943 debilita-

261 1963 312 1989 te,
334 1955 668 1984 tumorisincremento
689 1951 724 1983 ὃς
748 1950 849 1983 febre.
871 1952 936 1983 Post
961 1963 1012 1983 re-

259 1992 424 2024 miffionem
448 1995 542 2023 trium
565 1990 734 2028 mensium,
756 1993 892 2024 recurrit
917 1993 1013 2023 vomi-

260 2042 311 2063 tus
340 2041 488 2063 cruentus
508 2042 579 2062 cum
610 2030 716 2067 febre,
746 2031 818 2069 siti,
850 2031 1011 2068 utriusque

260 2070 485 2110 hypochondrii
515 2071 641 2107 dolore,
675 2071 809 2109 pondere
837 2070 872 2103 δε
904 2071 1013 2102 tensio-

262 2122 320 2143 ne‚·
345 2111 457 2148 quibus
478 2110 599 2141 tandem
622 2121 704 2141 nono
726 2111 775 2142 die
796 2111 934 2143 sublatus
954 2112 992 2143 est
1006 2134 1013 2142 .

302 2153 378 2184 Lien
408 2151 536 2188 ingens,
567 2150 603 2182 ὃ(
635 2150 735 2188 pondo
757 2154 896 2189 quinque
919 2151 1012 2182 libra-

261 2202 351 2227 rum,
381 2192 412 2220 in
444 2190 601 2221 nonnullis
631 2191 708 2222 locis
737 2191 832 2223 durus
852 2212 861 2228 ,
892 2190 1012 2229 hepatis

261 2228 506 2269 magnitudinem
527 2228 706 2266 superabat.
728 2233 836 2269 Hepar
859 2231 1009 2269 pallidum

260 2269 530 2309 conspiciebatur3
562 2279 620 2298 non
652 2268 737 2301 secus
764 2281 800 2301 ac
830 2279 945 2305 caetera
975 2273 1018 2303 vi.

260 2310 363 2344 scera.
381 2311 515 2343 CLAR.
536 2310 845 2345 MORGAGNUS.

1108 793 1195 827 O‘BS.
1216 806 1285 834 915·
1306 797 1418 836 Juveni
1442 795 1667 829 melancholico
1686 801 1829 835 promine-

1067 839 1122 866 bat
1145 839 1301 874 abdomen,
1324 838 1523 868 obtumorem
1537 843 1654 875 partem
1679 839 1828 871 sinistram

1067 885 1300 915 occupantem,
1328 889 1344 908 a
1367 877 1456 909 costis
1479 878 1629 909 mendosis
1648 878 1687 910 ad
1711 880 1829 917 pelvim

1063 915 1244 954 protensum
1258 940 1265 949 .
1285 921 1497 956 Hamorrhagia
1520 923 1661 954 narium,
1698 919 1830 950 haemor-

1064 955 1223 988 rhoidibus
1254 957 1474 993 tumentibus,
1503 957 1537 990 &
1570 963 1665 989 cordis
1693 964 1831 996 palaira-

1065 1001 1141 1026 tioni
1154 998 1448 1035 acanimideliquio
1459 1007 1528 1029 erat
1539 998 1709 1032 obnoxius.
1733 1003 1833 1032 Acce-

1063 1037 1111 1068 dit
1132 1040 1238 1074 gravis
1264 1039 1402 1075 spirandi
1424 1040 1585 1076 difficultas
1615 1049 1687 1070 cum
1717 1038 1828 1071 dolore

1059 1076 1189 1112 lateris,
1210 1076 1245 1108 &
1271 1079 1602 1110 ventristorminibus.
1631 1081 1754 1115 Ingruit
1777 1078 1824 1111 fe-

1061 1115 1125 1145 bris
1146 1125 1215 1146 cum
1239 1116 1373 1147 delii-im
1397 1116 1431 1147 Sc
1454 1116 1491 1146 ad
1515 1117 1620 1153 plures
1641 1118 1725 1148 abit.

1101 1154 1335 1191 Reperiebatur
1365 1154 1548 1186 monstrosus
1570 1156 1648 1190 lien,
1680 1158 1735 1194 qui
1765 1157 1828 1190 sus.

1062 1192 1176 1231 pensus
1198 1193 1286 1223 lance
1304 1194 1401 1232 libras
1422 1202 1559 1231 quatuor
1580 1194 1615 1227 δε
1637 1193 1726 1227 semis
1749 1208 1826 1236 pen-

1059 1232 1170 1265 debat.
1202 1235 1311 1271 Hepar
1333 1234 1427 1265 etiam
1456 1242 1525 1264 erat
1555 1236 1724 1266 maximum
1745 1258 1755 1273 ,
1787 1236 1824 1268 δε

1063 1271 1164 1311 paflim
1178 1272 1362 1304 scirrhosum
1376 1295 1383 1304 .
1408 1275 1435 1304 A
1456 1273 1538 1303 liene
1559 1273 1594 1305 &
1617 1273 1825 1313 hepatecom-

1065 1311 1179 1349 presius
1203 1313 1393 1344 ventriculus
1414 1311 1466 1343 sua
1487 1312 1555 1345 sede
1575 1315 1825 1348 extrudebatur.

1065 1352 1189 1382 Sinister
1221 1352 1399 1389 pulmonum
1429 1352 1516 1384 lobus
1537 1373 1546 1389 ,
1578 1353 1699 1392 hepatis
1729 1355 1824 1386 instat

1064 1391 1264 1428 commanis,
1287 1395 1392 1430 nigro,
1423 1401 1619 1431 cruentoque
1642 1394 1713 1425 tabo
1733 1395 1825 1433 squa-

1067 1432 1168 1463 iebat.
1187 1433 1462 1465 RIVALERIUS
1475 1455 1484 1465 .

1108 1515 1195 1545 0135.
1216 1517 1285 1550 916.
1316 1512 1438 1544 Mulier
1458 1513 1526 1544 οᾶο
1555 1513 1592 1547 &
1621 1516 1826 1556 quadraginta

1068 1564 1222 1584 annorum
1244 1551 1485 1588 melancholica,
1509 1554 1570 1591 post
1594 1554 1758 1588 diuturnas
1781 1567 1824 1588 ae-

1069 1592 1242 1632 gtitudines
1270 1592 1384 1624 incidit
1406 1593 1436 1622 in
1471 1603 1609 1625 tumorem
1631 1599 1792 1628 abdominis
1816 1616 1826 1633 ,

1067 1638 1101 1665 in
1131 1635 1241 1672 fimstro
1262 1636 1379 1667 latere.
1411 1634 1495 1664 Dein
1525 1644 1694 1668 annotatur
1726 1636 1827 1675 gingi-

1067 1684 1175 1704 varum
1190 1694 1199 1710 ‚
1222 1672 1257 1705 δε
1281 1674 1380 1705 totius
1399 1674 1462 1705 oris
1484 1678 1669 1714 corruptio,
1691 1676 1827 1709 cumdo-

1065 1712 1185 1745 lorifica
1204 1716 1344 1752 corporis
1368 1711 1566 1752 laffitudine,
1588 1715 1623 1748 ὃ(
1645 1720 1716 1748 alvi
1736 1718 1822 1747 duri-

1063 1759 1123 1785 tie.
1156 1756 1336 1787 Tumorin
1368 1752 1432 1785 dies
1463 1757 1687 1788 incrementum
1709 1754 1824 1789 sumit,

1062 1805 1133 1825 cum
1172 1796 1327 1831 gravitate
1364 1793 1400 1824 ὅ(
1440 1794 1612 1825 mobilitate
1649 1794 1792 1832 fingulari
1812 1805 1822 1825 :

1062 1835 1137 1864 adeo
1169 1843 1203 1864 ut
1232 1833 1417 1864 decumbens
1439 1835 1468 1863 in
1492 1835 1677 1865 alterutrum
1709 1833 1792 1864 latus
1811 1853 1824 1870 ,

1062 1884 1176 1911 corpus
1195 1873 1351 1910 quoddam
1371 1873 1480 1904 durum
1504 1875 1536 1903 in
1560 1875 1678 1903 ventris
1710 1883 1789 1904 cavo
1810 1892 1823 1909 ,

1063 1914 1100 1945 de
1126 1913 1193 1943 loco
1214 1914 1245 1943 in
1266 1912 1370 1944 locum
1401 1914 1517 1943 moveri
1549 1912 1707 1943 manifeste
1729 1912 1822 1943 senti-

1065 1961 1132 1990 γεῖς
1155 1952 1375 1984 animalculum
1397 1960 1533 1981 ventrem
1558 1961 1718 1989 pererrare
1749 1962 1822 1983 cre-

1062 1993 1164 2024 dens.
1202 1991 1341 2024 Tandem
1374 1989 1435 2029 post
1471 1998 1537 2022 tres
1567 2002 1662 2023 annos
1695 1990 1822 2031 placide

1065 2033 1161 2064 obiit.

1107 2070 1195 2103 Ser
1216 2070 1386 2106 cadavere,
1408 2079 1554 2108 repertus
1574 2069 1636 2102 fuit
1662 2072 1726 2103 lien
1748 2070 1823 2102 infi-

1064 2113 1132 2149 gnis
1161 2109 1323 2141 admodum
1351 2110 1571 2146 magnitudinis
1593 2130 1602 2147 ,
1645 2111 1725 2143 latus
1757 2111 1827 2142 fini.

1064 2153 1155 2183 strum
1178 2149 1212 2181 δί
1236 2159 1336 2180 totum
1358 2151 1555 2187 epigastrium
1567 2159 1740 2190 occupans.
1763 2154 1824 2182 La-

1063 2193 1144 2222 xatis
1175 2190 1349 2227 ligamentis
1373 2190 1524 2228 pendulus
1552 2189 1717 2229 haerebat3
1746 2191 1823 2222 adeo

1064 2239 1098 2262 ut
1126 2240 1180 2268 pro
1211 2231 1294 2260 varia
1326 2231 1466 2268 corporis
1499 2232 1670 2267 agitatione
1700 2228 1824 2262 diversi-

1067 2271 1155 2304 mode
1176 2271 1292 2303 moveri
1317 2272 1474 2309 potuerit.
1500 2273 1691 2304 BLASIUS.

1702 2353 1787 2386 0133.
