<?xml version="1.0" encoding="UTF-8"?>
<!DOCTYPE html PUBLIC "-//W3C//DTD XHTML 1.0 Transitional//EN"
    "http://www.w3.org/TR/xhtml1/DTD/xhtml1-transitional.dtd">
<html xmlns="http://www.w3.org/1999/xhtml" xml:lang="en" lang="en">
 <head>
  <title>
</title>
<meta http-equiv="Content-Type" content="text/html;charset=utf-8" />
  <meta name='ocr-system' content='tesseract 3.04.00' />
  <meta name='ocr-capabilities' content='ocr_page ocr_carea ocr_par ocr_line ocrx_word'/>
</head>
<body>
  <div class='ocr_page' id='page_1' title='image "./historiaanatomic01lieu_0060.png"; bbox 0 0 1945 2615; ppageno 0'>
   <div class='ocr_carea' id='block_1_1' title="bbox 83 186 252 197">
    <p class='ocr_par' dir='ltr' id='par_1_1' title="bbox 83 186 252 197">
     <span class='ocr_line' id='line_1_1' title="bbox 83 186 252 197; baseline 0 2418"><span class='ocrx_word' id='word_1_1' title='bbox 83 186 252 197; x_wconf 95' lang='lat' dir='ltr'> </span> 
     </span>
    </p>
   </div>
   <div class='ocr_carea' id='block_1_2' title="bbox 318 99 366 138">
    <p class='ocr_par' dir='ltr' id='par_1_2' title="bbox 318 99 366 138">
     <span class='ocr_line' id='line_1_2' title="bbox 318 99 366 138; baseline 0 -12"><span class='ocrx_word' id='word_1_2' title='bbox 318 99 366 138; x_wconf 69' lang='lat'>32</span> 
     </span>
    </p>
   </div>
   <div class='ocr_carea' id='block_1_3' title="bbox 258 157 1018 197">
    <p class='ocr_par' dir='ltr' id='par_1_3' title="bbox 258 157 1018 197">
     <span class='ocr_line' id='line_1_3' title="bbox 258 157 1018 197; baseline -0.005 -4"><span class='ocrx_word' id='word_1_3' title='bbox 258 172 348 197; x_wconf 88' lang='lat' dir='ltr'>rum,</span> <span class='ocrx_word' id='word_1_4' title='bbox 370 172 386 192; x_wconf 87' lang='lat' dir='ltr'>a</span> <span class='ocrx_word' id='word_1_5' title='bbox 411 160 517 192; x_wconf 87' lang='lat' dir='ltr'>multis</span> <span class='ocrx_word' id='word_1_6' title='bbox 538 158 649 195; x_wconf 82' lang='lat' dir='ltr'>annis,</span> <span class='ocrx_word' id='word_1_7' title='bbox 670 170 728 191; x_wconf 92' lang='lat' dir='ltr'>una</span> <span class='ocrx_word' id='word_1_8' title='bbox 753 159 799 190; x_wconf 89' lang='lat' dir='ltr'>vel</span> <span class='ocrx_word' id='word_1_9' title='bbox 821 159 919 190; x_wconf 88' lang='lat' dir='ltr'>altera</span> <span class='ocrx_word' id='word_1_10' title='bbox 944 157 1018 190; x_wconf 87' lang='lat' dir='ltr'>hora</span> 
     </span>
    </p>
   </div>
   <div class='ocr_carea' id='block_1_4' title="bbox 85 200 1017 288">
    <p class='ocr_par' dir='ltr' id='par_1_4' title="bbox 85 200 1017 288">
     <span class='ocr_line' id='line_1_4' title="bbox 86 200 1017 247; baseline -0.005 -13"><span class='ocrx_word' id='word_1_11' title='bbox 86 218 236 247; x_wconf 67' lang='lat' dir='ltr'>VENTRI-</span> <span class='ocrx_word' id='word_1_12' title='bbox 257 214 272 232; x_wconf 92' lang='lat' dir='ltr'>a</span> <span class='ocrx_word' id='word_1_13' title='bbox 311 200 468 240; x_wconf 83' lang='lat' dir='ltr'>prandio,</span> <span class='ocrx_word' id='word_1_14' title='bbox 508 200 727 247; x_wconf 78' lang='lat' dir='ltr'>alimentorum</span> <span class='ocrx_word' id='word_1_15' title='bbox 767 209 914 238; x_wconf 84' lang='lat' dir='ltr'>partem,</span> <span class='ocrx_word' id='word_1_16' title='bbox 949 210 1017 230; x_wconf 86' lang='lat' dir='ltr'>cum</span> 
     </span>
     <span class='ocr_line' id='line_1_5' title="bbox 85 239 1016 288; baseline -0.008 -13"><span class='ocrx_word' id='word_1_17' title='bbox 85 262 225 288; x_wconf 69' lang='lat' dir='ltr'><strong>CULUS.</strong></span> <span class='ocrx_word' id='word_1_18' title='bbox 257 244 359 274; x_wconf 85' lang='lat' dir='ltr'>multo</span> <span class='ocrx_word' id='word_1_19' title='bbox 388 242 510 280; x_wconf 86' lang='lat' dir='ltr'>glutine</span> <span class='ocrx_word' id='word_1_20' title='bbox 529 262 540 277; x_wconf 84' lang='lat'>‚</span> <span class='ocrx_word' id='word_1_21' title='bbox 569 239 711 278; x_wconf 79' lang='lat' dir='ltr'>quotidie</span> <span class='ocrx_word' id='word_1_22' title='bbox 743 243 892 271; x_wconf 71' lang='lat' dir='ltr'>evomebat</span> <span class='ocrx_word' id='word_1_23' title='bbox 912 263 919 271; x_wconf 90' lang='lat'>.</span> <span class='ocrx_word' id='word_1_24' title='bbox 951 239 1016 270; x_wconf 75' lang='lat' dir='ltr'>Post</span> 
     </span>
    </p>
   </div>
   <div class='ocr_carea' id='block_1_5' title="bbox 253 279 1020 518">
    <p class='ocr_par' dir='ltr' id='par_1_5' title="bbox 253 279 1020 518">
     <span class='ocr_line' id='line_1_6' title="bbox 255 279 1019 318; baseline -0.009 -3"><span class='ocrx_word' id='word_1_25' title='bbox 255 282 426 315; x_wconf 80' lang='lat' dir='ltr'>nonnullas</span> <span class='ocrx_word' id='word_1_26' title='bbox 447 279 652 318; x_wconf 82' lang='lat' dir='ltr'>remissiones,</span> <span class='ocrx_word' id='word_1_27' title='bbox 684 282 787 311; x_wconf 88' lang='lat' dir='ltr'>omnia</span> <span class='ocrx_word' id='word_1_28' title='bbox 811 280 925 318; x_wconf 86' lang='lat' dir='ltr'>ingesta</span> <span class='ocrx_word' id='word_1_29' title='bbox 948 280 1019 316; x_wconf 79' lang='lat' dir='ltr'>reji-</span> 
     </span>
     <span class='ocr_line' id='line_1_7' title="bbox 254 319 1020 362; baseline -0.009 -6"><span class='ocrx_word' id='word_1_30' title='bbox 254 323 360 356; x_wconf 78' lang='lat' dir='ltr'>ciebat</span> <span class='ocrx_word' id='word_1_31' title='bbox 375 321 499 362; x_wconf 71' lang='lat' dir='ltr'>3‘unde</span> <span class='ocrx_word' id='word_1_32' title='bbox 522 323 624 360; x_wconf 87' lang='lat' dir='ltr'>coepit</span> <span class='ocrx_word' id='word_1_33' title='bbox 659 321 808 359; x_wconf 81' lang='lat' dir='ltr'>languere</span> <span class='ocrx_word' id='word_1_34' title='bbox 828 319 863 352; x_wconf 73' lang='grc' dir='ltr'>δε</span> <span class='ocrx_word' id='word_1_35' title='bbox 886 322 1020 352; x_wconf 86' lang='lat' dir='ltr'>emacia-</span> 
     </span>
     <span class='ocr_line' id='line_1_8' title="bbox 255 359 927 397; baseline -0.009 0"><span class='ocrx_word' id='word_1_36' title='bbox 255 366 302 397; x_wconf 83' lang='lat' dir='ltr'>ri.</span> <span class='ocrx_word' id='word_1_37' title='bbox 326 366 461 396; x_wconf 85' lang='lat' dir='ltr'>Demum</span> <span class='ocrx_word' id='word_1_38' title='bbox 485 361 554 392; x_wconf 89' lang='lat' dir='ltr'>tabe</span> <span class='ocrx_word' id='word_1_39' title='bbox 574 359 713 393; x_wconf 69' lang='lat' dir='ltr'>confeCia</span> <span class='ocrx_word' id='word_1_40' title='bbox 735 359 819 391; x_wconf 80' lang='lat' dir='ltr'>cellit</span> <span class='ocrx_word' id='word_1_41' title='bbox 842 360 927 391; x_wconf 84' lang='lat' dir='ltr'>fato.</span> 
     </span>
     <span class='ocr_line' id='line_1_9' title="bbox 295 400 1016 439; baseline -0.01 -3"><span class='ocrx_word' id='word_1_42' title='bbox 295 403 448 436; x_wconf 86' lang='lat' dir='ltr'>Lustratis</span> <span class='ocrx_word' id='word_1_43' title='bbox 478 404 647 433; x_wconf 83' lang='lat' dir='ltr'>interaneis</span> <span class='ocrx_word' id='word_1_44' title='bbox 666 422 675 437; x_wconf 94' lang='lat'>,</span> <span class='ocrx_word' id='word_1_45' title='bbox 709 402 836 439; x_wconf 79' lang='lat' dir='ltr'>pylorus</span> <span class='ocrx_word' id='word_1_46' title='bbox 875 400 1016 432; x_wconf 82' lang='lat' dir='ltr'>occurrit</span> 
     </span>
     <span class='ocr_line' id='line_1_10' title="bbox 253 440 1015 480; baseline -0.008 -4"><span class='ocrx_word' id='word_1_47' title='bbox 253 443 368 476; x_wconf 83' lang='lat' dir='ltr'>crassus</span> <span class='ocrx_word' id='word_1_48' title='bbox 391 443 425 475; x_wconf 73' lang='lat' dir='ltr'>&lt;Sc</span> <span class='ocrx_word' id='word_1_49' title='bbox 447 443 690 480; x_wconf 75' lang='lat' dir='ltr'>cartilagineu53</span> <span class='ocrx_word' id='word_1_50' title='bbox 713 440 882 478; x_wconf 70' lang='lat' dir='ltr'>ductusque</span> <span class='ocrx_word' id='word_1_51' title='bbox 903 451 920 472; x_wconf 89' lang='lat' dir='ltr'>e</span> <span class='ocrx_word' id='word_1_52' title='bbox 942 451 1015 471; x_wconf 89' lang='lat' dir='ltr'>ven-</span> 
     </span>
     <span class='ocr_line' id='line_1_11' title="bbox 254 479 1014 518; baseline -0.007 -2"><span class='ocrx_word' id='word_1_53' title='bbox 254 485 372 516; x_wconf 84' lang='lat' dir='ltr'>triculo</span> <span class='ocrx_word' id='word_1_54' title='bbox 394 483 430 514; x_wconf 88' lang='lat' dir='ltr'>ad</span> <span class='ocrx_word' id='word_1_55' title='bbox 452 482 626 513; x_wconf 85' lang='lat' dir='ltr'>duodenum</span> <span class='ocrx_word' id='word_1_56' title='bbox 649 481 724 511; x_wconf 83' lang='lat' dir='ltr'>adeo</span> <span class='ocrx_word' id='word_1_57' title='bbox 756 479 819 511; x_wconf 86' lang='lat' dir='ltr'>fuit</span> <span class='ocrx_word' id='word_1_58' title='bbox 841 480 985 518; x_wconf 78' lang='lat' dir='ltr'>angustus</span> <span class='ocrx_word' id='word_1_59' title='bbox 1005 501 1014 516; x_wconf 88' lang='lat'>‚</span> 
     </span>
    </p>
   </div>
   <div class='ocr_carea' id='block_1_6' title="bbox 253 520 1014 599">
    <p class='ocr_par' dir='ltr' id='par_1_6' title="bbox 253 520 1014 599">
     <span class='ocr_line' id='line_1_12' title="bbox 253 520 1014 559; baseline -0.003 -3"><span class='ocrx_word' id='word_1_60' title='bbox 253 535 291 557; x_wconf 84' lang='lat' dir='ltr'>ut</span> <span class='ocrx_word' id='word_1_61' title='bbox 321 526 371 555; x_wconf 86' lang='lat' dir='ltr'>vix</span> <span class='ocrx_word' id='word_1_62' title='bbox 405 522 611 554; x_wconf 81' lang='lat' dir='ltr'>tenuiffimum</span> <span class='ocrx_word' id='word_1_63' title='bbox 653 520 764 559; x_wconf 82' lang='lat' dir='ltr'>stylum</span> <span class='ocrx_word' id='word_1_64' title='bbox 805 520 1014 554; x_wconf 81' lang='lat' dir='ltr'>admitteret.</span> 
     </span>
     <span class='ocr_line' id='line_1_13' title="bbox 253 565 605 599; baseline -0.006 0"><span class='ocrx_word' id='word_1_65' title='bbox 253 567 390 599; x_wconf 82' lang='lat' dir='ltr'>CLAR.</span> <span class='ocrx_word' id='word_1_66' title='bbox 411 565 605 597; x_wconf 81' lang='lat' dir='ltr'><strong>STORCK.</strong></span> 
     </span>
    </p>
   </div>
   <div class='ocr_carea' id='block_1_7' title="bbox 253 643 1024 1042">
    <p class='ocr_par' dir='ltr' id='par_1_7' title="bbox 253 643 1024 1042">
     <span class='ocr_line' id='line_1_14' title="bbox 295 643 1020 683; baseline -0.007 -4"><span class='ocrx_word' id='word_1_67' title='bbox 295 649 382 679; x_wconf 87' lang='lat' dir='ltr'><strong>OBS.</strong></span> <span class='ocrx_word' id='word_1_68' title='bbox 415 649 479 683; x_wconf 78' lang='lat'>185.</span> <span class='ocrx_word' id='word_1_69' title='bbox 508 647 541 676; x_wconf 88' lang='lat' dir='ltr'>In</span> <span class='ocrx_word' id='word_1_70' title='bbox 572 643 725 676; x_wconf 81' lang='lat' dir='ltr'>cadavere</span> <span class='ocrx_word' id='word_1_71' title='bbox 754 643 916 680; x_wconf 85' lang='lat' dir='ltr'>mulieris,</span> <span class='ocrx_word' id='word_1_72' title='bbox 948 652 1020 680; x_wconf 87' lang='lat' dir='ltr'>quae</span> 
     </span>
     <span class='ocr_line' id='line_1_15' title="bbox 253 683 1021 722; baseline -0.008 -2"><span class='ocrx_word' id='word_1_73' title='bbox 253 687 406 721; x_wconf 81' lang='lat' dir='ltr'>diuturno</span> <span class='ocrx_word' id='word_1_74' title='bbox 429 707 438 722; x_wconf 86' lang='lat'>,</span> <span class='ocrx_word' id='word_1_75' title='bbox 469 683 735 722; x_wconf 76' lang='lat' dir='ltr'>molestiffimoque</span> <span class='ocrx_word' id='word_1_76' title='bbox 766 684 828 715; x_wconf 88' lang='lat' dir='ltr'>cibi</span> <span class='ocrx_word' id='word_1_77' title='bbox 860 684 895 716; x_wconf 89' lang='lat'>&amp;</span> <span class='ocrx_word' id='word_1_78' title='bbox 928 692 1021 722; x_wconf 84' lang='lat' dir='ltr'>potus</span> 
     </span>
     <span class='ocr_line' id='line_1_16' title="bbox 255 724 1021 764; baseline -0.007 -5"><span class='ocrx_word' id='word_1_79' title='bbox 255 733 370 759; x_wconf 78' lang='lat' dir='ltr'>vomitu</span> <span class='ocrx_word' id='word_1_80' title='bbox 392 727 603 760; x_wconf 80' lang='lat' dir='ltr'>laboraverat,</span> <span class='ocrx_word' id='word_1_81' title='bbox 633 727 793 764; x_wconf 83' lang='lat' dir='ltr'>reperitur</span> <span class='ocrx_word' id='word_1_82' title='bbox 825 724 1021 755; x_wconf 82' lang='lat' dir='ltr'>ventriculus</span> 
     </span>
     <span class='ocr_line' id='line_1_17' title="bbox 254 763 1020 807; baseline -0.007 -8"><span class='ocrx_word' id='word_1_83' title='bbox 254 770 383 807; x_wconf 82' lang='lat' dir='ltr'>ingens,</span> <span class='ocrx_word' id='word_1_84' title='bbox 412 766 449 798; x_wconf 89' lang='lat' dir='ltr'>ad</span> <span class='ocrx_word' id='word_1_85' title='bbox 480 768 635 804; x_wconf 82' lang='lat' dir='ltr'>regionem</span> <span class='ocrx_word' id='word_1_86' title='bbox 659 765 755 803; x_wconf 85' lang='lat' dir='ltr'>usque</span> <span class='ocrx_word' id='word_1_87' title='bbox 778 764 866 803; x_wconf 80' lang='lat' dir='ltr'>pubis</span> <span class='ocrx_word' id='word_1_88' title='bbox 897 763 1020 796; x_wconf 89' lang='lat' dir='ltr'>descen-</span> 
     </span>
     <span class='ocr_line' id='line_1_18' title="bbox 256 804 1021 846; baseline -0.005 -7"><span class='ocrx_word' id='word_1_89' title='bbox 256 808 354 846; x_wconf 61' lang='lat' dir='ltr'>densg</span> <span class='ocrx_word' id='word_1_90' title='bbox 386 806 420 839; x_wconf 66' lang='grc' dir='ltr'>ὅ(</span> <span class='ocrx_word' id='word_1_91' title='bbox 456 805 685 845; x_wconf 80' lang='lat' dir='ltr'>hypogastrium</span> <span class='ocrx_word' id='word_1_92' title='bbox 709 804 777 837; x_wconf 88' lang='lat' dir='ltr'>fere</span> <span class='ocrx_word' id='word_1_93' title='bbox 798 814 898 836; x_wconf 88' lang='lat' dir='ltr'>totum</span> <span class='ocrx_word' id='word_1_94' title='bbox 928 815 1021 836; x_wconf 92' lang='lat' dir='ltr'>occu-</span> 
     </span>
     <span class='ocr_line' id='line_1_19' title="bbox 258 844 1022 919; baseline -0.005 -40"><span class='ocrx_word' id='word_1_95' title='bbox 258 859 350 919; x_wconf 55' lang='lat' dir='ltr'>pags.</span> <span class='ocrx_word' id='word_1_96' title='bbox 375 847 508 917; x_wconf 54' lang='lat' dir='ltr'>Pylortciis</span> <span class='ocrx_word' id='word_1_97' title='bbox 529 855 595 917; x_wconf 32' lang='lat' dir='ltr'>‹arsia-t</span> <span class='ocrx_word' id='word_1_98' title='bbox 620 844 807 919; x_wconf 56' lang='lat' dir='ltr'>scirrggsusg</span> <span class='ocrx_word' id='word_1_99' title='bbox 833 847 1022 917; x_wconf 68' lang='lat' dir='ltr'>variisffpro-</span> 
     </span>
     <span class='ocr_line' id='line_1_20' title="bbox 258 895 1024 966; baseline -0.005 -7"><span class='ocrx_word' id='word_1_100' title='bbox 258 898 481 966; x_wconf 47' lang='grc' dir='ltr'>ἓιςιιείἑέῗὲιῐιυςῆ</span> <span class='ocrx_word' id='word_1_101' title='bbox 501 897 644 957; x_wconf 51' lang='lat' dir='ltr'>:dleomtilts</span> <span class='ocrx_word' id='word_1_102' title='bbox 656 895 885 958; x_wconf 49' lang='lat' dir='ltr'>&#39;omnispaadittlgb</span> <span class='ocrx_word' id='word_1_103' title='bbox 904 896 1024 958; x_wconf 47' lang='lat' dir='ltr'>{beiisos</span> 
     </span>
     <span class='ocr_line' id='line_1_21' title="bbox 258 966 1024 1000; baseline -0.004 0"><span class='ocrx_word' id='word_1_104' title='bbox 258 967 368 1000; x_wconf 85' lang='lat' dir='ltr'>macho</span> <span class='ocrx_word' id='word_1_105' title='bbox 400 970 431 998; x_wconf 77' lang='lat' dir='ltr'>in</span> <span class='ocrx_word' id='word_1_106' title='bbox 458 967 601 998; x_wconf 87' lang='lat' dir='ltr'>intestina</span> <span class='ocrx_word' id='word_1_107' title='bbox 640 966 934 1000; x_wconf 73' lang='lat' dir='ltr'>intercluderetur.</span> <span class='ocrx_word' id='word_1_108' title='bbox 965 967 1024 999; x_wconf 86' lang='lat' dir='ltr'>EX</span> 
     </span>
     <span class='ocr_line' id='line_1_22' title="bbox 261 1009 809 1042; baseline -0.004 0"><span class='ocrx_word' id='word_1_109' title='bbox 261 1009 501 1042; x_wconf 85' lang='lat' dir='ltr'>INSTITUTO</span> <span class='ocrx_word' id='word_1_110' title='bbox 524 1009 809 1040; x_wconf 85' lang='lat' dir='ltr'>BONONIENSI.</span> 
     </span>
    </p>
   </div>
   <div class='ocr_carea' id='block_1_8' title="bbox 260 1088 1034 1566">
    <p class='ocr_par' dir='ltr' id='par_1_8' title="bbox 260 1088 1034 1364">
     <span class='ocr_line' id='line_1_23' title="bbox 299 1088 1030 1126; baseline -0.008 -4"><span class='ocrx_word' id='word_1_111' title='bbox 299 1092 385 1122; x_wconf 88' lang='lat' dir='ltr'>OBS.</span> <span class='ocrx_word' id='word_1_112' title='bbox 411 1092 476 1119; x_wconf 81' lang='lat'>186.</span> <span class='ocrx_word' id='word_1_113' title='bbox 498 1090 559 1120; x_wconf 87' lang='lat' dir='ltr'>Vir</span> <span class='ocrx_word' id='word_1_114' title='bbox 580 1088 799 1126; x_wconf 84' lang='lat' dir='ltr'>sexagenarius</span> <span class='ocrx_word' id='word_1_115' title='bbox 819 1091 905 1119; x_wconf 86' lang='lat' dir='ltr'>inter</span> <span class='ocrx_word' id='word_1_116' title='bbox 931 1088 1030 1118; x_wconf 87' lang='lat' dir='ltr'>varias</span> 
     </span>
     <span class='ocr_line' id='line_1_24' title="bbox 260 1126 1030 1167; baseline -0.005 -6"><span class='ocrx_word' id='word_1_117' title='bbox 260 1130 297 1164; x_wconf 72' lang='grc' dir='ltr'>ὅ(</span> <span class='ocrx_word' id='word_1_118' title='bbox 337 1126 594 1167; x_wconf 76' lang='lat' dir='ltr'>pertinacissimas</span> <span class='ocrx_word' id='word_1_119' title='bbox 633 1129 837 1166; x_wconf 80' lang='lat' dir='ltr'>aegritudines</span> <span class='ocrx_word' id='word_1_120' title='bbox 867 1129 905 1158; x_wconf 83' lang='lat' dir='ltr'>de</span> <span class='ocrx_word' id='word_1_121' title='bbox 939 1131 1030 1157; x_wconf 85' lang='lat' dir='ltr'>dolore</span> 
     </span>
     <span class='ocr_line' id='line_1_25' title="bbox 263 1165 1028 1205; baseline -0.009 -2"><span class='ocrx_word' id='word_1_122' title='bbox 263 1173 382 1202; x_wconf 75' lang='lat' dir='ltr'>ventris</span> <span class='ocrx_word' id='word_1_123' title='bbox 403 1169 437 1205; x_wconf 67' lang='grc' dir='ltr'>ό·</span> <span class='ocrx_word' id='word_1_124' title='bbox 461 1172 572 1201; x_wconf 77' lang='lat' dir='ltr'>vomitu</span> <span class='ocrx_word' id='word_1_125' title='bbox 598 1167 734 1199; x_wconf 89' lang='lat' dir='ltr'>humoris</span> <span class='ocrx_word' id='word_1_126' title='bbox 755 1168 835 1199; x_wconf 84' lang='lat' dir='ltr'>acidi</span> <span class='ocrx_word' id='word_1_127' title='bbox 859 1167 894 1200; x_wconf 87' lang='lat'>&amp;</span> <span class='ocrx_word' id='word_1_128' title='bbox 922 1165 1028 1197; x_wconf 89' lang='lat' dir='ltr'>viscidi</span> 
     </span>
     <span class='ocr_line' id='line_1_26' title="bbox 262 1208 1032 1247; baseline -0.008 -4"><span class='ocrx_word' id='word_1_129' title='bbox 262 1208 531 1247; x_wconf 84' lang='lat' dir='ltr'>conquerebatur.</span> <span class='ocrx_word' id='word_1_130' title='bbox 566 1209 759 1240; x_wconf 85' lang='lat' dir='ltr'>Procedente</span> <span class='ocrx_word' id='word_1_131' title='bbox 789 1209 895 1240; x_wconf 89' lang='lat' dir='ltr'>morbo</span> <span class='ocrx_word' id='word_1_132' title='bbox 926 1210 958 1238; x_wconf 90' lang='lat' dir='ltr'>in</span> <span class='ocrx_word' id='word_1_133' title='bbox 979 1217 1032 1238; x_wconf 92' lang='lat' dir='ltr'>co-</span> 
     </span>
     <span class='ocr_line' id='line_1_27' title="bbox 263 1247 1033 1288; baseline -0.006 -6"><span class='ocrx_word' id='word_1_134' title='bbox 263 1262 313 1284; x_wconf 85' lang='lat' dir='ltr'>ma</span> <span class='ocrx_word' id='word_1_135' title='bbox 336 1248 563 1281; x_wconf 88' lang='lat' dir='ltr'>somnolentum</span> <span class='ocrx_word' id='word_1_136' title='bbox 594 1249 725 1288; x_wconf 79' lang='lat' dir='ltr'>incidit3</span> <span class='ocrx_word' id='word_1_137' title='bbox 755 1249 838 1286; x_wconf 86' lang='lat' dir='ltr'>quod</span> <span class='ocrx_word' id='word_1_138' title='bbox 871 1247 932 1287; x_wconf 81' lang='lat' dir='ltr'>post</span> <span class='ocrx_word' id='word_1_139' title='bbox 958 1258 1033 1278; x_wconf 92' lang='lat' dir='ltr'>non-</span> 
     </span>
     <span class='ocr_line' id='line_1_28' title="bbox 264 1288 1034 1328; baseline -0.006 -6"><span class='ocrx_word' id='word_1_140' title='bbox 264 1290 369 1323; x_wconf 86' lang='lat' dir='ltr'>nullas</span> <span class='ocrx_word' id='word_1_141' title='bbox 406 1288 669 1325; x_wconf 77' lang='lat' dir='ltr'>intermissiones,</span> <span class='ocrx_word' id='word_1_142' title='bbox 705 1291 833 1328; x_wconf 84' lang='lat' dir='ltr'>gravius</span> <span class='ocrx_word' id='word_1_143' title='bbox 870 1298 1034 1320; x_wconf 87' lang='lat' dir='ltr'>recurrens</span> 
     </span>
     <span class='ocr_line' id='line_1_29' title="bbox 262 1329 712 1364; baseline -0.011 0"><span class='ocrx_word' id='word_1_144' title='bbox 262 1331 392 1364; x_wconf 90' lang='lat' dir='ltr'>tandem</span> <span class='ocrx_word' id='word_1_145' title='bbox 416 1338 544 1360; x_wconf 88' lang='lat' dir='ltr'>mortem</span> <span class='ocrx_word' id='word_1_146' title='bbox 566 1329 712 1360; x_wconf 78' lang='lat' dir='ltr'>accersit.</span> 
     </span>
    </p>

    <p class='ocr_par' dir='ltr' id='par_1_9' title="bbox 263 1368 1034 1566">
     <span class='ocr_line' id='line_1_30' title="bbox 307 1368 1033 1408; baseline -0.004 -7"><span class='ocrx_word' id='word_1_147' title='bbox 307 1368 564 1408; x_wconf 82' lang='lat' dir='ltr'>Deprehenditur</span> <span class='ocrx_word' id='word_1_148' title='bbox 589 1369 715 1406; x_wconf 83' lang='lat' dir='ltr'>pylorus</span> <span class='ocrx_word' id='word_1_149' title='bbox 736 1369 850 1400; x_wconf 87' lang='lat' dir='ltr'>summe</span> <span class='ocrx_word' id='word_1_150' title='bbox 872 1369 1033 1404; x_wconf 83' lang='lat' dir='ltr'>tumidus,</span> 
     </span>
     <span class='ocr_line' id='line_1_31' title="bbox 263 1408 1034 1447; baseline -0.006 -3"><span class='ocrx_word' id='word_1_151' title='bbox 263 1409 433 1444; x_wconf 75' lang='lat' dir='ltr'>{cirrhosus</span> <span class='ocrx_word' id='word_1_152' title='bbox 456 1408 491 1440; x_wconf 76' lang='grc' dir='ltr'>δε</span> <span class='ocrx_word' id='word_1_153' title='bbox 514 1408 595 1446; x_wconf 85' lang='lat' dir='ltr'>quali</span> <span class='ocrx_word' id='word_1_154' title='bbox 620 1410 861 1447; x_wconf 83' lang='lat' dir='ltr'>cartilagineus.</span> <span class='ocrx_word' id='word_1_155' title='bbox 885 1409 970 1440; x_wconf 59' lang='lat' dir='ltr'>Seiio</span> <span class='ocrx_word' id='word_1_156' title='bbox 984 1420 1034 1439; x_wconf 88' lang='lat' dir='ltr'>ca-</span> 
     </span>
     <span class='ocr_line' id='line_1_32' title="bbox 265 1447 1034 1491; baseline -0.005 -7"><span class='ocrx_word' id='word_1_157' title='bbox 265 1455 333 1491; x_wconf 82' lang='lat' dir='ltr'>pite</span> <span class='ocrx_word' id='word_1_158' title='bbox 363 1451 504 1480; x_wconf 88' lang='lat' dir='ltr'>occurrit</span> <span class='ocrx_word' id='word_1_159' title='bbox 533 1447 634 1479; x_wconf 86' lang='lat' dir='ltr'>serum</span> <span class='ocrx_word' id='word_1_160' title='bbox 667 1452 750 1480; x_wconf 89' lang='lat' dir='ltr'>circa</span> <span class='ocrx_word' id='word_1_161' title='bbox 771 1449 919 1481; x_wconf 85' lang='lat' dir='ltr'>ambitum</span> <span class='ocrx_word' id='word_1_162' title='bbox 951 1460 1034 1480; x_wconf 88' lang='lat' dir='ltr'>cere-</span> 
     </span>
     <span class='ocr_line' id='line_1_33' title="bbox 265 1489 1033 1527; baseline 0 -4"><span class='ocrx_word' id='word_1_163' title='bbox 265 1493 315 1524; x_wconf 82' lang='lat' dir='ltr'>bri</span> <span class='ocrx_word' id='word_1_164' title='bbox 336 1512 344 1527; x_wconf 90' lang='lat'>‚</span> <span class='ocrx_word' id='word_1_165' title='bbox 377 1490 409 1522; x_wconf 86' lang='lat'>&amp;</span> <span class='ocrx_word' id='word_1_166' title='bbox 443 1492 472 1520; x_wconf 84' lang='lat' dir='ltr'>in</span> <span class='ocrx_word' id='word_1_167' title='bbox 506 1491 689 1521; x_wconf 70' lang='lat' dir='ltr'>ventriculis</span> <span class='ocrx_word' id='word_1_168' title='bbox 721 1489 835 1522; x_wconf 84' lang='lat' dir='ltr'>summe</span> <span class='ocrx_word' id='word_1_169' title='bbox 864 1491 1033 1523; x_wconf 83' lang='lat' dir='ltr'>dilatatis.</span> 
     </span>
     <span class='ocr_line' id='line_1_34' title="bbox 271 1531 811 1566; baseline -0.007 0"><span class='ocrx_word' id='word_1_170' title='bbox 271 1534 334 1566; x_wconf 72' lang='lat' dir='ltr'>EX</span> <span class='ocrx_word' id='word_1_171' title='bbox 359 1532 484 1563; x_wconf 88' lang='lat' dir='ltr'>ACTIS</span> <span class='ocrx_word' id='word_1_172' title='bbox 508 1531 811 1563; x_wconf 83' lang='lat' dir='ltr'>GERMANICIS.</span> 
     </span>
    </p>
   </div>
   <div class='ocr_carea' id='block_1_9' title="bbox 267 1611 1042 1972">
    <p class='ocr_par' dir='ltr' id='par_1_10' title="bbox 267 1611 1042 1972">
     <span class='ocr_line' id='line_1_35' title="bbox 307 1611 1036 1650; baseline -0.003 -5"><span class='ocrx_word' id='word_1_173' title='bbox 307 1615 394 1645; x_wconf 81' lang='lat' dir='ltr'>oBs.</span> <span class='ocrx_word' id='word_1_174' title='bbox 418 1614 482 1648; x_wconf 77' lang='lat'>187.</span> <span class='ocrx_word' id='word_1_175' title='bbox 515 1614 548 1644; x_wconf 87' lang='lat' dir='ltr'>In</span> <span class='ocrx_word' id='word_1_176' title='bbox 580 1613 731 1644; x_wconf 86' lang='lat' dir='ltr'>cadavere</span> <span class='ocrx_word' id='word_1_177' title='bbox 761 1611 874 1643; x_wconf 87' lang='lat' dir='ltr'>tabidae</span> <span class='ocrx_word' id='word_1_178' title='bbox 906 1614 1036 1650; x_wconf 77' lang='lat' dir='ltr'>triginta</span> 
     </span>
     <span class='ocr_line' id='line_1_36' title="bbox 268 1651 1037 1689; baseline -0.003 -4"><span class='ocrx_word' id='word_1_179' title='bbox 268 1663 442 1687; x_wconf 84' lang='lat' dir='ltr'>annorum,</span> <span class='ocrx_word' id='word_1_180' title='bbox 477 1662 548 1689; x_wconf 85' lang='lat' dir='ltr'>quae</span> <span class='ocrx_word' id='word_1_181' title='bbox 570 1664 586 1682; x_wconf 89' lang='lat' dir='ltr'>a</span> <span class='ocrx_word' id='word_1_182' title='bbox 612 1655 747 1684; x_wconf 88' lang='lat' dir='ltr'>triennio</span> <span class='ocrx_word' id='word_1_183' title='bbox 770 1651 837 1683; x_wconf 88' lang='lat' dir='ltr'>fere</span> <span class='ocrx_word' id='word_1_184' title='bbox 868 1656 970 1683; x_wconf 79' lang='lat' dir='ltr'>omnia</span> <span class='ocrx_word' id='word_1_185' title='bbox 992 1651 1037 1683; x_wconf 83' lang='lat' dir='ltr'>as-</span> 
     </span>
     <span class='ocr_line' id='line_1_37' title="bbox 267 1692 1038 1732; baseline -0.004 -7"><span class='ocrx_word' id='word_1_186' title='bbox 267 1693 390 1732; x_wconf 82' lang='lat' dir='ltr'>sumpta</span> <span class='ocrx_word' id='word_1_187' title='bbox 412 1696 525 1724; x_wconf 70' lang='lat' dir='ltr'>vomitu</span> <span class='ocrx_word' id='word_1_188' title='bbox 549 1692 731 1730; x_wconf 82' lang='lat' dir='ltr'>rejiciebat,</span> <span class='ocrx_word' id='word_1_189' title='bbox 754 1693 966 1730; x_wconf 79' lang='lat' dir='ltr'>reperiebatur</span> <span class='ocrx_word' id='word_1_190' title='bbox 990 1692 1038 1722; x_wconf 87' lang='lat' dir='ltr'>he.</span> 
     </span>
     <span class='ocr_line' id='line_1_38' title="bbox 270 1731 1039 1773; baseline -0.001 -8"><span class='ocrx_word' id='word_1_191' title='bbox 270 1745 327 1773; x_wconf 79' lang='lat' dir='ltr'>par</span> <span class='ocrx_word' id='word_1_192' title='bbox 358 1731 437 1763; x_wconf 86' lang='lat' dir='ltr'>mole</span> <span class='ocrx_word' id='word_1_193' title='bbox 469 1734 576 1770; x_wconf 87' lang='lat' dir='ltr'>ingens</span> <span class='ocrx_word' id='word_1_194' title='bbox 606 1734 777 1763; x_wconf 76' lang='lat' dir='ltr'>innumeris</span> <span class='ocrx_word' id='word_1_195' title='bbox 810 1732 1039 1764; x_wconf 84' lang='lat' dir='ltr'>steatomatibus</span> 
     </span>
     <span class='ocr_line' id='line_1_39' title="bbox 270 1772 1039 1811; baseline -0.001 -6"><span class='ocrx_word' id='word_1_196' title='bbox 270 1773 448 1808; x_wconf 75' lang='lat' dir='ltr'>refertum,</span> <span class='ocrx_word' id='word_1_197' title='bbox 471 1783 541 1804; x_wconf 88' lang='lat' dir='ltr'>cum</span> <span class='ocrx_word' id='word_1_198' title='bbox 563 1774 637 1811; x_wconf 81' lang='lat' dir='ltr'>cysli</span> <span class='ocrx_word' id='word_1_199' title='bbox 662 1772 752 1804; x_wconf 83' lang='lat' dir='ltr'>fellea</span> <span class='ocrx_word' id='word_1_200' title='bbox 766 1772 873 1810; x_wconf 84' lang='lat' dir='ltr'>rugosa</span> <span class='ocrx_word' id='word_1_201' title='bbox 896 1772 931 1804; x_wconf 74' lang='grc' dir='ltr'>ὅς</span> <span class='ocrx_word' id='word_1_202' title='bbox 957 1784 1039 1804; x_wconf 86' lang='lat' dir='ltr'>com-</span> 
     </span>
     <span class='ocr_line' id='line_1_40' title="bbox 272 1811 1041 1854; baseline -0.001 -11"><span class='ocrx_word' id='word_1_203' title='bbox 272 1812 390 1854; x_wconf 77' lang='lat' dir='ltr'>press&#39;a.</span> <span class='ocrx_word' id='word_1_204' title='bbox 413 1814 566 1844; x_wconf 84' lang='lat' dir='ltr'>Praeterea</span> <span class='ocrx_word' id='word_1_205' title='bbox 591 1813 774 1845; x_wconf 78' lang='lat' dir='ltr'>occurrebat</span> <span class='ocrx_word' id='word_1_206' title='bbox 796 1816 825 1842; x_wconf 87' lang='lat' dir='ltr'>in</span> <span class='ocrx_word' id='word_1_207' title='bbox 849 1811 947 1844; x_wconf 88' lang='lat' dir='ltr'>fundo</span> <span class='ocrx_word' id='word_1_208' title='bbox 973 1824 1041 1844; x_wconf 25' lang='lat' dir='ltr'>ven*</span> 
     </span>
     <span class='ocr_line' id='line_1_41' title="bbox 271 1850 1040 1894; baseline -0.004 -8"><span class='ocrx_word' id='word_1_209' title='bbox 271 1854 381 1886; x_wconf 81' lang='lat' dir='ltr'>triculi</span> <span class='ocrx_word' id='word_1_210' title='bbox 404 1850 538 1894; x_wconf 75' lang='lat' dir='ltr'>scirrhus</span> <span class='ocrx_word' id='word_1_211' title='bbox 562 1854 746 1890; x_wconf 75' lang='lat' dir='ltr'>tuberosus,</span> <span class='ocrx_word' id='word_1_212' title='bbox 778 1852 875 1884; x_wconf 85' lang='lat' dir='ltr'>durus</span> <span class='ocrx_word' id='word_1_213' title='bbox 898 1853 932 1885; x_wconf 69' lang='grc' dir='ltr'>ὅ(</span> <span class='ocrx_word' id='word_1_214' title='bbox 955 1855 1040 1892; x_wconf 82' lang='lat' dir='ltr'>capi-</span> 
     </span>
     <span class='ocr_line' id='line_1_42' title="bbox 273 1891 1041 1931; baseline -0.004 -4"><span class='ocrx_word' id='word_1_215' title='bbox 273 1905 306 1926; x_wconf 88' lang='lat' dir='ltr'>te</span> <span class='ocrx_word' id='word_1_216' title='bbox 328 1891 456 1925; x_wconf 86' lang='lat' dir='ltr'>infantis</span> <span class='ocrx_word' id='word_1_217' title='bbox 479 1901 596 1926; x_wconf 83' lang='lat' dir='ltr'>malor:</span> <span class='ocrx_word' id='word_1_218' title='bbox 619 1895 746 1931; x_wconf 76' lang='lat' dir='ltr'>pylorus</span> <span class='ocrx_word' id='word_1_219' title='bbox 769 1904 843 1924; x_wconf 90' lang='lat' dir='ltr'>vero</span> <span class='ocrx_word' id='word_1_220' title='bbox 867 1893 951 1925; x_wconf 78' lang='lat' dir='ltr'>simili</span> <span class='ocrx_word' id='word_1_221' title='bbox 976 1905 1041 1924; x_wconf 84' lang='lat' dir='ltr'>nno-</span> 
     </span>
     <span class='ocr_line' id='line_1_43' title="bbox 275 1932 1042 1972; baseline -0.005 -5"><span class='ocrx_word' id='word_1_222' title='bbox 275 1935 314 1967; x_wconf 83' lang='lat' dir='ltr'>do</span> <span class='ocrx_word' id='word_1_223' title='bbox 345 1933 452 1971; x_wconf 76' lang='lat' dir='ltr'>laesns,</span> <span class='ocrx_word' id='word_1_224' title='bbox 483 1932 596 1965; x_wconf 83' lang='lat' dir='ltr'>crass&#39;us</span> <span class='ocrx_word' id='word_1_225' title='bbox 617 1933 650 1966; x_wconf 69' lang='grc' dir='ltr'>ἃ</span> <span class='ocrx_word' id='word_1_226' title='bbox 675 1935 770 1966; x_wconf 83' lang='lat' dir='ltr'>durus</span> <span class='ocrx_word' id='word_1_227' title='bbox 800 1938 941 1972; x_wconf 78' lang='lat' dir='ltr'>exiguam</span> <span class='ocrx_word' id='word_1_228' title='bbox 973 1943 1042 1964; x_wconf 87' lang='lat' dir='ltr'>tan-</span> 
     </span>
    </p>
   </div>
   <div class='ocr_carea' id='block_1_10' title="bbox 276 1973 1042 2048">
    <p class='ocr_par' dir='ltr' id='par_1_11' title="bbox 276 1973 1042 2048">
     <span class='ocr_line' id='line_1_44' title="bbox 276 1973 1042 2012; baseline -0.001 -6"><span class='ocrx_word' id='word_1_229' title='bbox 276 1985 343 2006; x_wconf 87' lang='lat' dir='ltr'>tum</span> <span class='ocrx_word' id='word_1_230' title='bbox 383 1984 561 2012; x_wconf 84' lang='lat' dir='ltr'>aperturam</span> <span class='ocrx_word' id='word_1_231' title='bbox 607 1973 761 2011; x_wconf 86' lang='lat' dir='ltr'>habebat.</span> <span class='ocrx_word' id='word_1_232' title='bbox 801 1976 1042 2007; x_wconf 83' lang='lat' dir='ltr'>CLARISS.</span> 
     </span>
     <span class='ocr_line' id='line_1_45' title="bbox 277 2016 469 2048; baseline 0.005 -1"><span class='ocrx_word' id='word_1_233' title='bbox 277 2016 469 2048; x_wconf 81' lang='lat' dir='ltr'>STORCK.</span> 
     </span>
    </p>
   </div>
   <div class='ocr_carea' id='block_1_11' title="bbox 278 2097 1048 2331">
    <p class='ocr_par' dir='ltr' id='par_1_12' title="bbox 278 2097 1048 2331">
     <span class='ocr_line' id='line_1_46' title="bbox 318 2097 1043 2140; baseline -0.006 -8"><span class='ocrx_word' id='word_1_234' title='bbox 318 2098 403 2132; x_wconf 85' lang='lat' dir='ltr'>OBs.</span> <span class='ocrx_word' id='word_1_235' title='bbox 418 2099 480 2127; x_wconf 80' lang='lat'>188.</span> <span class='ocrx_word' id='word_1_236' title='bbox 505 2097 654 2140; x_wconf 81' lang='lat' dir='ltr'>Quaedarn</span> <span class='ocrx_word' id='word_1_237' title='bbox 679 2098 792 2129; x_wconf 86' lang='lat' dir='ltr'>mulier</span> <span class='ocrx_word' id='word_1_238' title='bbox 815 2100 959 2128; x_wconf 73' lang='lat' dir='ltr'>vomitum</span> <span class='ocrx_word' id='word_1_239' title='bbox 970 2107 1043 2128; x_wconf 90' lang='lat' dir='ltr'>con-</span> 
     </span>
     <span class='ocr_line' id='line_1_47' title="bbox 278 2134 1040 2177; baseline -0.001 -8"><span class='ocrx_word' id='word_1_240' title='bbox 278 2134 514 2169; x_wconf 82' lang='lat' dir='ltr'>tumaciffimum</span> <span class='ocrx_word' id='word_1_241' title='bbox 538 2138 701 2174; x_wconf 80' lang='lat' dir='ltr'>quotidie,</span> <span class='ocrx_word' id='word_1_242' title='bbox 723 2139 845 2176; x_wconf 83' lang='lat' dir='ltr'>aliquot</span> <span class='ocrx_word' id='word_1_243' title='bbox 868 2137 956 2169; x_wconf 85' lang='lat' dir='ltr'>horas</span> <span class='ocrx_word' id='word_1_244' title='bbox 978 2138 1040 2177; x_wconf 81' lang='lat' dir='ltr'>post</span> 
     </span>
     <span class='ocr_line' id='line_1_48' title="bbox 280 2177 1041 2216; baseline 0 -9"><span class='ocrx_word' id='word_1_245' title='bbox 280 2178 395 2216; x_wconf 73' lang='lat' dir='ltr'>palium</span> <span class='ocrx_word' id='word_1_246' title='bbox 427 2177 629 2216; x_wconf 87' lang='lat' dir='ltr'>patiebatur;</span> <span class='ocrx_word' id='word_1_247' title='bbox 663 2177 735 2211; x_wconf 89' lang='lat' dir='ltr'>hinc</span> <span class='ocrx_word' id='word_1_248' title='bbox 766 2177 924 2211; x_wconf 77' lang='lat' dir='ltr'>rariffirnae</span> <span class='ocrx_word' id='word_1_249' title='bbox 952 2189 1041 2209; x_wconf 77' lang='lat' dir='ltr'>etant·</span> 
     </span>
     <span class='ocr_line' id='line_1_49' title="bbox 279 2216 1036 2257; baseline 0.003 -9"><span class='ocrx_word' id='word_1_250' title='bbox 279 2217 341 2252; x_wconf 72' lang='lat' dir='ltr'>alvi</span> <span class='ocrx_word' id='word_1_251' title='bbox 363 2216 565 2255; x_wconf 70' lang='lat' dir='ltr'>dejeciiones.</span> <span class='ocrx_word' id='word_1_252' title='bbox 588 2219 700 2249; x_wconf 88' lang='lat' dir='ltr'>Morbo</span> <span class='ocrx_word' id='word_1_253' title='bbox 724 2219 920 2257; x_wconf 77' lang='lat' dir='ltr'>persistente,</span> <span class='ocrx_word' id='word_1_254' title='bbox 943 2218 978 2249; x_wconf 91' lang='lat' dir='ltr'>ad</span> <span class='ocrx_word' id='word_1_255' title='bbox 1002 2229 1036 2250; x_wconf 70' lang='lat' dir='ltr'>er.</span> 
     </span>
     <span class='ocr_line' id='line_1_50' title="bbox 281 2257 1048 2298; baseline -0.001 -9"><span class='ocrx_word' id='word_1_256' title='bbox 281 2267 409 2289; x_wconf 84' lang='lat' dir='ltr'>tremam</span> <span class='ocrx_word' id='word_1_257' title='bbox 434 2260 560 2289; x_wconf 81' lang='lat' dir='ltr'>maciem</span> <span class='ocrx_word' id='word_1_258' title='bbox 578 2257 763 2298; x_wconf 86' lang='lat' dir='ltr'>deducitur·,</span> <span class='ocrx_word' id='word_1_259' title='bbox 786 2261 882 2291; x_wconf 88' lang='lat' dir='ltr'>donec</span> <span class='ocrx_word' id='word_1_260' title='bbox 905 2258 1048 2292; x_wconf 72' lang='lat' dir='ltr'>deficien-</span> 
     </span>
     <span class='ocr_line' id='line_1_51' title="bbox 283 2299 802 2331; baseline 0 -1"><span class='ocrx_word' id='word_1_261' title='bbox 283 2299 366 2330; x_wconf 80' lang='lat' dir='ltr'>tibus</span> <span class='ocrx_word' id='word_1_262' title='bbox 388 2299 505 2330; x_wconf 87' lang='lat' dir='ltr'>viribus</span> <span class='ocrx_word' id='word_1_263' title='bbox 532 2300 637 2330; x_wconf 87' lang='lat' dir='ltr'>vivere</span> <span class='ocrx_word' id='word_1_264' title='bbox 659 2299 780 2331; x_wconf 85' lang='lat' dir='ltr'>desierit</span> <span class='ocrx_word' id='word_1_265' title='bbox 795 2323 802 2330; x_wconf 92' lang='lat'>.</span> 
     </span>
    </p>
   </div>
   <div class='ocr_carea' id='block_1_12' title="bbox 323 2337 1050 2381">
    <p class='ocr_par' dir='ltr' id='par_1_13' title="bbox 323 2337 1050 2381">
     <span class='ocr_line' id='line_1_52' title="bbox 323 2337 1050 2381; baseline 0 -9"><span class='ocrx_word' id='word_1_266' title='bbox 323 2337 411 2372; x_wconf 69' lang='lat' dir='ltr'>secto</span> <span class='ocrx_word' id='word_1_267' title='bbox 429 2337 582 2373; x_wconf 74' lang='lat' dir='ltr'>cadavere</span> <span class='ocrx_word' id='word_1_268' title='bbox 602 2340 749 2373; x_wconf 87' lang='lat' dir='ltr'>inventus</span> <span class='ocrx_word' id='word_1_269' title='bbox 769 2340 809 2372; x_wconf 86' lang='lat' dir='ltr'>est</span> <span class='ocrx_word' id='word_1_270' title='bbox 834 2341 962 2381; x_wconf 84' lang='lat' dir='ltr'>pylorus</span> <span class='ocrx_word' id='word_1_271' title='bbox 986 2365 991 2368; x_wconf 36' lang='lat'><strong>⁴</strong></span> <span class='ocrx_word' id='word_1_272' title='bbox 1023 2352 1050 2372; x_wconf 89' lang='lat'>:-</span> 
     </span>
    </p>
   </div>
   <div class='ocr_carea' id='block_1_13' title="bbox 636 56 1464 133">
    <p class='ocr_par' dir='ltr' id='par_1_14' title="bbox 636 56 1464 133">
     <span class='ocr_line' id='line_1_53' title="bbox 636 56 1464 133; baseline -0.001 -8"><span class='ocrx_word' id='word_1_273' title='bbox 636 83 990 125; x_wconf 83' lang='lat' dir='ltr'><strong>LAESIONES</strong></span> <span class='ocrx_word' id='word_1_274' title='bbox 1032 56 1464 133; x_wconf 45' lang='lat' dir='ltr'><strong>ABDOMIN&#39;IQ</strong></span> 
     </span>
    </p>
   </div>
   <div class='ocr_carea' id='block_1_14' title="bbox 1073 157 1838 200">
    <p class='ocr_par' dir='ltr' id='par_1_15' title="bbox 1073 157 1838 200">
     <span class='ocr_line' id='line_1_54' title="bbox 1073 157 1838 200; baseline 0.009 -11"><span class='ocrx_word' id='word_1_275' title='bbox 1073 158 1242 197; x_wconf 84' lang='lat' dir='ltr'>tilagineus</span> <span class='ocrx_word' id='word_1_276' title='bbox 1262 168 1271 198; x_wconf 88' lang='lat'>;</span> <span class='ocrx_word' id='word_1_277' title='bbox 1299 157 1440 196; x_wconf 87' lang='lat' dir='ltr'>adeoque</span> <span class='ocrx_word' id='word_1_278' title='bbox 1471 159 1616 197; x_wconf 80' lang='lat' dir='ltr'>angustus</span> <span class='ocrx_word' id='word_1_279' title='bbox 1638 169 1672 192; x_wconf 91' lang='lat' dir='ltr'>ut</span> <span class='ocrx_word' id='word_1_280' title='bbox 1687 162 1838 200; x_wconf 74' lang='lat' dir='ltr'>majorem</span> 
     </span>
    </p>
   </div>
   <div class='ocr_carea' id='block_1_15' title="bbox 1071 198 1839 271">
    <p class='ocr_par' dir='ltr' id='par_1_16' title="bbox 1071 198 1839 271">
     <span class='ocr_line' id='line_1_55' title="bbox 1071 198 1839 237; baseline 0.012 -9"><span class='ocrx_word' id='word_1_281' title='bbox 1071 199 1234 230; x_wconf 83' lang='lat' dir='ltr'>dumtaxat</span> <span class='ocrx_word' id='word_1_282' title='bbox 1263 198 1416 229; x_wconf 86' lang='lat' dir='ltr'>aciculam</span> <span class='ocrx_word' id='word_1_283' title='bbox 1448 199 1704 236; x_wconf 85' lang='lat' dir='ltr'>transmitteret.</span> <span class='ocrx_word' id='word_1_284' title='bbox 1747 206 1839 237; x_wconf 79' lang='lat' dir='ltr'>DIE-</span> 
     </span>
     <span class='ocr_line' id='line_1_56' title="bbox 1071 241 1347 271; baseline 0 0"><span class='ocrx_word' id='word_1_285' title='bbox 1071 241 1347 271; x_wconf 78' lang='lat' dir='ltr'><strong>MERBROEK.</strong></span> 
     </span>
    </p>
   </div>
   <div class='ocr_carea' id='block_1_16' title="bbox 1068 317 1843 637">
    <p class='ocr_par' dir='ltr' id='par_1_17' title="bbox 1068 317 1843 561">
     <span class='ocr_line' id='line_1_57' title="bbox 1112 317 1838 362; baseline 0.007 -12"><span class='ocrx_word' id='word_1_286' title='bbox 1112 322 1197 352; x_wconf 79' lang='lat' dir='ltr'>OBS.</span> <span class='ocrx_word' id='word_1_287' title='bbox 1232 323 1299 355; x_wconf 82' lang='lat'>189.</span> <span class='ocrx_word' id='word_1_288' title='bbox 1374 317 1474 350; x_wconf 87' lang='lat' dir='ltr'>uidam</span> <span class='ocrx_word' id='word_1_289' title='bbox 1503 319 1656 353; x_wconf 87' lang='lat' dir='ltr'>diuturno</span> <span class='ocrx_word' id='word_1_290' title='bbox 1695 328 1806 355; x_wconf 77' lang='lat' dir='ltr'>vomitu</span> <span class='ocrx_word' id='word_1_291' title='bbox 1828 345 1838 362; x_wconf 90' lang='lat'><strong>,</strong></span> 
     </span>
     <span class='ocr_line' id='line_1_58' title="bbox 1070 360 1839 402; baseline 0.004 -13"><span class='ocrx_word' id='word_1_292' title='bbox 1070 367 1135 391; x_wconf 85' lang='lat' dir='ltr'>tres</span> <span class='ocrx_word' id='word_1_293' title='bbox 1158 368 1335 397; x_wconf 87' lang='lat' dir='ltr'>quatuorve</span> <span class='ocrx_word' id='word_1_294' title='bbox 1377 369 1446 391; x_wconf 83' lang='lat' dir='ltr'>oras</span> <span class='ocrx_word' id='word_1_295' title='bbox 1468 360 1530 399; x_wconf 81' lang='lat' dir='ltr'>post</span> <span class='ocrx_word' id='word_1_296' title='bbox 1554 362 1669 399; x_wconf 79' lang='lat' dir='ltr'>pastum</span> <span class='ocrx_word' id='word_1_297' title='bbox 1688 365 1839 402; x_wconf 75' lang='lat' dir='ltr'>ingruen-</span> 
     </span>
     <span class='ocr_line' id='line_1_59' title="bbox 1069 397 1840 437; baseline 0.008 -7"><span class='ocrx_word' id='word_1_298' title='bbox 1069 407 1120 436; x_wconf 89' lang='lat' dir='ltr'>te,</span> <span class='ocrx_word' id='word_1_299' title='bbox 1145 400 1285 437; x_wconf 81' lang='lat' dir='ltr'>pluribus</span> <span class='ocrx_word' id='word_1_300' title='bbox 1307 397 1418 430; x_wconf 80' lang='lat' dir='ltr'>abhinc</span> <span class='ocrx_word' id='word_1_301' title='bbox 1439 401 1530 432; x_wconf 82' lang='lat' dir='ltr'>annis</span> <span class='ocrx_word' id='word_1_302' title='bbox 1552 402 1729 436; x_wconf 83' lang='lat' dir='ltr'>laborabat.</span> <span class='ocrx_word' id='word_1_303' title='bbox 1764 408 1840 436; x_wconf 87' lang='lat' dir='ltr'>Sen-</span> 
     </span>
     <span class='ocr_line' id='line_1_60' title="bbox 1069 438 1841 481; baseline 0.006 -11"><span class='ocrx_word' id='word_1_304' title='bbox 1069 439 1120 470; x_wconf 85' lang='lat' dir='ltr'>sim</span> <span class='ocrx_word' id='word_1_305' title='bbox 1146 438 1371 472; x_wconf 66' lang='lat' dir='ltr'>labefactantur</span> <span class='ocrx_word' id='word_1_306' title='bbox 1405 441 1504 473; x_wconf 80' lang='lat' dir='ltr'>vires‚·</span> <span class='ocrx_word' id='word_1_307' title='bbox 1535 442 1711 481; x_wconf 85' lang='lat' dir='ltr'>corpusque</span> <span class='ocrx_word' id='word_1_308' title='bbox 1744 447 1841 476; x_wconf 88' lang='lat' dir='ltr'>macie</span> 
     </span>
     <span class='ocr_line' id='line_1_61' title="bbox 1068 479 1843 517; baseline 0.001 -6"><span class='ocrx_word' id='word_1_309' title='bbox 1068 479 1254 511; x_wconf 82' lang='lat' dir='ltr'>conficitur.</span> <span class='ocrx_word' id='word_1_310' title='bbox 1280 479 1387 512; x_wconf 85' lang='lat' dir='ltr'>Pulsus</span> <span class='ocrx_word' id='word_1_311' title='bbox 1406 479 1530 512; x_wconf 88' lang='lat' dir='ltr'>demum</span> <span class='ocrx_word' id='word_1_312' title='bbox 1555 481 1663 514; x_wconf 83' lang='lat' dir='ltr'>debilis</span> <span class='ocrx_word' id='word_1_313' title='bbox 1685 482 1721 517; x_wconf 70' lang='grc' dir='ltr'>ὃ(</span> <span class='ocrx_word' id='word_1_314' title='bbox 1743 485 1843 516; x_wconf 88' lang='lat' dir='ltr'>inter-</span> 
     </span>
     <span class='ocr_line' id='line_1_62' title="bbox 1069 522 1822 561; baseline 0.007 -10"><span class='ocrx_word' id='word_1_315' title='bbox 1069 522 1196 552; x_wconf 83' lang='lat' dir='ltr'>mittens</span> <span class='ocrx_word' id='word_1_316' title='bbox 1220 522 1432 552; x_wconf 86' lang='lat' dir='ltr'>imminentem</span> <span class='ocrx_word' id='word_1_317' title='bbox 1455 530 1582 553; x_wconf 80' lang='lat' dir='ltr'>mortem</span> <span class='ocrx_word' id='word_1_318' title='bbox 1607 526 1822 561; x_wconf 66' lang='lat' dir='ltr'>praenuntiat.</span> 
     </span>
    </p>

    <p class='ocr_par' dir='ltr' id='par_1_18' title="bbox 1074 561 1841 637">
     <span class='ocr_line' id='line_1_63' title="bbox 1114 561 1841 600; baseline 0.008 -9"><span class='ocrx_word' id='word_1_319' title='bbox 1114 565 1147 593; x_wconf 85' lang='lat' dir='ltr'>In</span> <span class='ocrx_word' id='word_1_320' title='bbox 1178 561 1371 599; x_wconf 64' lang='lat' dir='ltr'>conspectum</span> <span class='ocrx_word' id='word_1_321' title='bbox 1399 563 1484 592; x_wconf 85' lang='lat' dir='ltr'>venit</span> <span class='ocrx_word' id='word_1_322' title='bbox 1515 563 1643 600; x_wconf 85' lang='lat' dir='ltr'>pylorus</span> <span class='ocrx_word' id='word_1_323' title='bbox 1673 563 1841 598; x_wconf 85' lang='lat' dir='ltr'>scirrholus</span> 
     </span>
     <span class='ocr_line' id='line_1_64' title="bbox 1074 600 1840 637; baseline 0.008 -6"><span class='ocrx_word' id='word_1_324' title='bbox 1074 600 1109 634; x_wconf 74' lang='grc' dir='ltr'>ὃ(</span> <span class='ocrx_word' id='word_1_325' title='bbox 1132 600 1276 632; x_wconf 88' lang='lat' dir='ltr'>callosus:</span> <span class='ocrx_word' id='word_1_326' title='bbox 1301 600 1371 631; x_wconf 82' lang='lat' dir='ltr'>hinc</span> <span class='ocrx_word' id='word_1_327' title='bbox 1392 600 1498 632; x_wconf 83' lang='lat' dir='ltr'>ostium</span> <span class='ocrx_word' id='word_1_328' title='bbox 1522 600 1656 635; x_wconf 83' lang='lat' dir='ltr'>inferius</span> <span class='ocrx_word' id='word_1_329' title='bbox 1680 609 1840 637; x_wconf 88' lang='lat' dir='ltr'>ventricu-</span> 
     </span>
    </p>
   </div>
   <div class='ocr_carea' id='block_1_17' title="bbox 1073 640 1842 715">
    <p class='ocr_par' dir='ltr' id='par_1_19' title="bbox 1073 640 1842 715">
     <span class='ocr_line' id='line_1_65' title="bbox 1074 640 1842 681; baseline 0.009 -9"><span class='ocrx_word' id='word_1_330' title='bbox 1074 644 1097 672; x_wconf 79' lang='lat' dir='ltr'>li</span> <span class='ocrx_word' id='word_1_331' title='bbox 1120 641 1233 673; x_wconf 84' lang='lat' dir='ltr'>summe</span> <span class='ocrx_word' id='word_1_332' title='bbox 1255 640 1474 680; x_wconf 66' lang='lat' dir='ltr'>constrissum3</span> <span class='ocrx_word' id='word_1_333' title='bbox 1496 641 1531 675; x_wconf 88' lang='lat'>&amp;</span> <span class='ocrx_word' id='word_1_334' title='bbox 1555 643 1638 681; x_wconf 72' lang='lat' dir='ltr'>quasi</span> <span class='ocrx_word' id='word_1_335' title='bbox 1659 644 1842 679; x_wconf 86' lang='lat' dir='ltr'>obturatum</span> 
     </span>
     <span class='ocr_line' id='line_1_66' title="bbox 1073 682 1491 715; baseline 0.005 -2"><span class='ocrx_word' id='word_1_336' title='bbox 1073 682 1303 714; x_wconf 86' lang='lat' dir='ltr'>annotabatur.</span> <span class='ocrx_word' id='word_1_337' title='bbox 1325 683 1491 715; x_wconf 81' lang='lat' dir='ltr'>DIONIS.</span> 
     </span>
    </p>
   </div>
   <div class='ocr_carea' id='block_1_18' title="bbox 1073 763 1852 1165">
    <p class='ocr_par' dir='ltr' id='par_1_20' title="bbox 1073 763 1852 1078">
     <span class='ocr_line' id='line_1_67' title="bbox 1114 763 1846 807; baseline -0.001 -11"><span class='ocrx_word' id='word_1_338' title='bbox 1114 766 1203 796; x_wconf 90' lang='lat' dir='ltr'><strong>OBS.</strong></span> <span class='ocrx_word' id='word_1_339' title='bbox 1226 773 1291 800; x_wconf 85' lang='lat'>190.</span> <span class='ocrx_word' id='word_1_340' title='bbox 1324 763 1730 807; x_wconf 36' lang='lat' dir='ltr'>Mulier-quadragesimum</span> <span class='ocrx_word' id='word_1_341' title='bbox 1752 771 1846 804; x_wconf 86' lang='lat' dir='ltr'>quin-</span> 
     </span>
     <span class='ocr_line' id='line_1_68' title="bbox 1073 804 1848 842; baseline 0.001 -8"><span class='ocrx_word' id='word_1_342' title='bbox 1073 815 1141 837; x_wconf 88' lang='lat' dir='ltr'>tum</span> <span class='ocrx_word' id='word_1_343' title='bbox 1162 814 1278 834; x_wconf 90' lang='lat' dir='ltr'>annum</span> <span class='ocrx_word' id='word_1_344' title='bbox 1300 814 1418 842; x_wconf 81' lang='lat' dir='ltr'>agens,</span> <span class='ocrx_word' id='word_1_345' title='bbox 1446 812 1503 838; x_wconf 80' lang='lat' dir='ltr'>Jam</span> <span class='ocrx_word' id='word_1_346' title='bbox 1526 804 1577 836; x_wconf 93' lang='lat' dir='ltr'>diu</span> <span class='ocrx_word' id='word_1_347' title='bbox 1605 805 1774 838; x_wconf 85' lang='lat' dir='ltr'>vexabatur</span> <span class='ocrx_word' id='word_1_348' title='bbox 1796 807 1848 838; x_wconf 78' lang='lat' dir='ltr'>do-</span> 
     </span>
     <span class='ocr_line' id='line_1_69' title="bbox 1075 844 1846 883; baseline 0.005 -9"><span class='ocrx_word' id='word_1_349' title='bbox 1075 849 1133 876; x_wconf 77' lang='lat' dir='ltr'>lore</span> <span class='ocrx_word' id='word_1_350' title='bbox 1151 848 1289 883; x_wconf 74' lang='lat' dir='ltr'>stomachi</span> <span class='ocrx_word' id='word_1_351' title='bbox 1313 844 1347 876; x_wconf 71' lang='grc' dir='ltr'>ὃς</span> <span class='ocrx_word' id='word_1_352' title='bbox 1371 849 1484 875; x_wconf 72' lang='lat' dir='ltr'>vomitu</span> <span class='ocrx_word' id='word_1_353' title='bbox 1506 845 1653 877; x_wconf 90' lang='lat' dir='ltr'>colluviei</span> <span class='ocrx_word' id='word_1_354' title='bbox 1675 857 1789 878; x_wconf 85' lang='lat' dir='ltr'>amarae</span> <span class='ocrx_word' id='word_1_355' title='bbox 1809 847 1846 881; x_wconf 72' lang='lat'>&amp;1</span> 
     </span>
     <span class='ocr_line' id='line_1_70' title="bbox 1076 884 1847 924; baseline 0.004 -7"><span class='ocrx_word' id='word_1_356' title='bbox 1076 884 1262 917; x_wconf 85' lang='lat' dir='ltr'>subviridis.</span> <span class='ocrx_word' id='word_1_357' title='bbox 1287 885 1415 916; x_wconf 83' lang='lat' dir='ltr'>Menses</span> <span class='ocrx_word' id='word_1_358' title='bbox 1438 893 1530 915; x_wconf 90' lang='lat' dir='ltr'>erant</span> <span class='ocrx_word' id='word_1_359' title='bbox 1553 886 1745 924; x_wconf 87' lang='lat' dir='ltr'>inordinati;</span> <span class='ocrx_word' id='word_1_360' title='bbox 1776 899 1847 920; x_wconf 92' lang='lat' dir='ltr'>cum</span> 
     </span>
     <span class='ocr_line' id='line_1_71' title="bbox 1078 925 1850 966; baseline 0.004 -10"><span class='ocrx_word' id='word_1_361' title='bbox 1078 925 1166 966; x_wconf 82' lang='lat' dir='ltr'>pulsu</span> <span class='ocrx_word' id='word_1_362' title='bbox 1192 935 1287 963; x_wconf 81' lang='lat' dir='ltr'>parvo</span> <span class='ocrx_word' id='word_1_363' title='bbox 1309 925 1344 957; x_wconf 73' lang='grc' dir='ltr'>ὅ(</span> <span class='ocrx_word' id='word_1_364' title='bbox 1369 925 1481 957; x_wconf 83' lang='lat' dir='ltr'>debili.</span> <span class='ocrx_word' id='word_1_365' title='bbox 1517 926 1581 957; x_wconf 85' lang='lat' dir='ltr'>Post</span> <span class='ocrx_word' id='word_1_366' title='bbox 1608 928 1772 959; x_wconf 83' lang='lat' dir='ltr'>nonnullas</span> <span class='ocrx_word' id='word_1_367' title='bbox 1803 938 1850 959; x_wconf 88' lang='lat' dir='ltr'>re-</span> 
     </span>
     <span class='ocr_line' id='line_1_72' title="bbox 1081 965 1852 1005; baseline 0.005 -8"><span class='ocrx_word' id='word_1_368' title='bbox 1081 965 1231 997; x_wconf 82' lang='lat' dir='ltr'>miffiones</span> <span class='ocrx_word' id='word_1_369' title='bbox 1253 965 1439 997; x_wconf 87' lang='lat' dir='ltr'>recrudescit</span> <span class='ocrx_word' id='word_1_370' title='bbox 1471 966 1616 1003; x_wconf 72' lang='lat' dir='ltr'>morbus3</span> <span class='ocrx_word' id='word_1_371' title='bbox 1645 971 1781 1005; x_wconf 82' lang='lat' dir='ltr'>erumpit</span> <span class='ocrx_word' id='word_1_372' title='bbox 1806 968 1852 1001; x_wconf 82' lang='lat' dir='ltr'>su-</span> 
     </span>
     <span class='ocr_line' id='line_1_73' title="bbox 1081 1004 1850 1045; baseline 0.003 -7"><span class='ocrx_word' id='word_1_373' title='bbox 1081 1006 1138 1038; x_wconf 85' lang='lat' dir='ltr'>dor</span> <span class='ocrx_word' id='word_1_374' title='bbox 1159 1004 1311 1044; x_wconf 83' lang='lat' dir='ltr'>frigidus,</span> <span class='ocrx_word' id='word_1_375' title='bbox 1334 1005 1439 1043; x_wconf 83' lang='lat' dir='ltr'>pulsus</span> <span class='ocrx_word' id='word_1_376' title='bbox 1465 1005 1498 1038; x_wconf 74' lang='lat' dir='ltr'>fit</span> <span class='ocrx_word' id='word_1_377' title='bbox 1518 1006 1650 1045; x_wconf 81' lang='lat' dir='ltr'>debilis3</span> <span class='ocrx_word' id='word_1_378' title='bbox 1671 1017 1707 1038; x_wconf 90' lang='lat' dir='ltr'>ac</span> <span class='ocrx_word' id='word_1_379' title='bbox 1726 1008 1850 1040; x_wconf 84' lang='lat' dir='ltr'>tandem</span> 
     </span>
     <span class='ocr_line' id='line_1_74' title="bbox 1081 1048 1176 1078; baseline -0.011 0"><span class='ocrx_word' id='word_1_380' title='bbox 1081 1048 1176 1078; x_wconf 89' lang='lat' dir='ltr'>obiit.</span> 
     </span>
    </p>

    <p class='ocr_par' dir='ltr' id='par_1_21' title="bbox 1083 1084 1852 1165">
     <span class='ocr_line' id='line_1_75' title="bbox 1122 1084 1852 1126; baseline 0.004 -10"><span class='ocrx_word' id='word_1_381' title='bbox 1122 1085 1267 1118; x_wconf 82' lang='lat' dir='ltr'>Lustrato</span> <span class='ocrx_word' id='word_1_382' title='bbox 1294 1084 1456 1116; x_wconf 86' lang='lat' dir='ltr'>abdomine</span> <span class='ocrx_word' id='word_1_383' title='bbox 1486 1086 1656 1118; x_wconf 78' lang='lat' dir='ltr'>stomachus</span> <span class='ocrx_word' id='word_1_384' title='bbox 1684 1086 1852 1126; x_wconf 85' lang='lat' dir='ltr'>deprehen.</span> 
     </span>
     <span class='ocr_line' id='line_1_76' title="bbox 1083 1123 1852 1165; baseline 0.003 -8"><span class='ocrx_word' id='word_1_385' title='bbox 1083 1125 1170 1157; x_wconf 83' lang='lat' dir='ltr'>ditur</span> <span class='ocrx_word' id='word_1_386' title='bbox 1200 1123 1410 1164; x_wconf 67' lang='lat' dir='ltr'>contradu53</span> <span class='ocrx_word' id='word_1_387' title='bbox 1449 1136 1520 1156; x_wconf 91' lang='lat' dir='ltr'>cum</span> <span class='ocrx_word' id='word_1_388' title='bbox 1560 1126 1671 1164; x_wconf 86' lang='lat' dir='ltr'>pyloro</span> <span class='ocrx_word' id='word_1_389' title='bbox 1703 1127 1852 1165; x_wconf 86' lang='lat' dir='ltr'>tumido,</span> 
     </span>
    </p>
   </div>
   <div class='ocr_carea' id='block_1_19' title="bbox 1082 1162 1851 1239">
    <p class='ocr_par' dir='ltr' id='par_1_22' title="bbox 1082 1162 1851 1239">
     <span class='ocr_line' id='line_1_77' title="bbox 1082 1162 1851 1204; baseline 0.007 -7"><span class='ocrx_word' id='word_1_390' title='bbox 1082 1165 1307 1202; x_wconf 63' lang='lat' dir='ltr'>cartilaginem</span> <span class='ocrx_word' id='word_1_391' title='bbox 1327 1162 1362 1196; x_wconf 85' lang='lat'>&amp;</span> <span class='ocrx_word' id='word_1_392' title='bbox 1385 1167 1498 1204; x_wconf 83' lang='lat' dir='ltr'>partim</span> <span class='ocrx_word' id='word_1_393' title='bbox 1519 1165 1617 1199; x_wconf 78' lang='lat' dir='ltr'>osseo.</span> <span class='ocrx_word' id='word_1_394' title='bbox 1639 1168 1664 1198; x_wconf 94' lang='lat' dir='ltr'><strong>E</strong></span> <span class='ocrx_word' id='word_1_395' title='bbox 1689 1169 1851 1202; x_wconf 88' lang='lat' dir='ltr'>DIARIO</span> 
     </span>
     <span class='ocr_line' id='line_1_78' title="bbox 1086 1207 1288 1239; baseline -0.015 0"><span class='ocrx_word' id='word_1_396' title='bbox 1086 1207 1266 1239; x_wconf 82' lang='lat' dir='ltr'>MEDICO</span> <span class='ocrx_word' id='word_1_397' title='bbox 1280 1227 1288 1237; x_wconf 90' lang='lat'><strong><em>.</em></strong></span> 
     </span>
    </p>
   </div>
   <div class='ocr_carea' id='block_1_20' title="bbox 1087 1289 1861 1688">
    <p class='ocr_par' dir='ltr' id='par_1_23' title="bbox 1087 1289 1859 1561">
     <span class='ocr_line' id='line_1_79' title="bbox 1126 1289 1853 1323; baseline 0.003 -3"><span class='ocrx_word' id='word_1_398' title='bbox 1126 1290 1212 1320; x_wconf 87' lang='lat' dir='ltr'><strong>OBS.</strong></span> <span class='ocrx_word' id='word_1_399' title='bbox 1238 1298 1304 1323; x_wconf 84' lang='lat'>191.</span> <span class='ocrx_word' id='word_1_400' title='bbox 1327 1290 1426 1319; x_wconf 83' lang='lat' dir='ltr'>Senex</span> <span class='ocrx_word' id='word_1_401' title='bbox 1448 1290 1566 1319; x_wconf 69' lang='lat' dir='ltr'>vomitu</span> <span class='ocrx_word' id='word_1_402' title='bbox 1588 1289 1853 1322; x_wconf 65' lang='lat' dir='ltr'>contumacissimo</span> 
     </span>
     <span class='ocr_line' id='line_1_80' title="bbox 1087 1328 1857 1366; baseline 0 -7"><span class='ocrx_word' id='word_1_403' title='bbox 1087 1328 1121 1360; x_wconf 89' lang='lat'>&amp;</span> <span class='ocrx_word' id='word_1_404' title='bbox 1155 1331 1246 1359; x_wconf 80' lang='lat' dir='ltr'>dolore</span> <span class='ocrx_word' id='word_1_405' title='bbox 1275 1331 1417 1365; x_wconf 75' lang='lat' dir='ltr'>stomachi</span> <span class='ocrx_word' id='word_1_406' title='bbox 1440 1349 1449 1364; x_wconf 85' lang='lat'>‚</span> <span class='ocrx_word' id='word_1_407' title='bbox 1481 1338 1703 1366; x_wconf 89' lang='lat' dir='ltr'>nonnunquam</span> <span class='ocrx_word' id='word_1_408' title='bbox 1726 1330 1857 1362; x_wconf 87' lang='lat' dir='ltr'>acerbis.</span> 
     </span>
     <span class='ocr_line' id='line_1_81' title="bbox 1088 1367 1856 1403; baseline 0.007 -6"><span class='ocrx_word' id='word_1_409' title='bbox 1088 1369 1180 1403; x_wconf 84' lang='lat' dir='ltr'>fimo,</span> <span class='ocrx_word' id='word_1_410' title='bbox 1210 1367 1318 1398; x_wconf 87' lang='lat' dir='ltr'>multis</span> <span class='ocrx_word' id='word_1_411' title='bbox 1349 1367 1459 1398; x_wconf 82' lang='lat' dir='ltr'>abhinc</span> <span class='ocrx_word' id='word_1_412' title='bbox 1487 1370 1577 1400; x_wconf 87' lang='lat' dir='ltr'>annis</span> <span class='ocrx_word' id='word_1_413' title='bbox 1598 1368 1856 1403; x_wconf 70' lang='lat' dir='ltr'>conflictabatur.</span> 
     </span>
     <span class='ocr_line' id='line_1_82' title="bbox 1088 1407 1858 1443; baseline 0.003 -3"><span class='ocrx_word' id='word_1_414' title='bbox 1088 1409 1201 1440; x_wconf 84' lang='lat' dir='ltr'>Morbo</span> <span class='ocrx_word' id='word_1_415' title='bbox 1233 1407 1336 1439; x_wconf 75' lang='lat' dir='ltr'>sensim</span> <span class='ocrx_word' id='word_1_416' title='bbox 1364 1407 1573 1441; x_wconf 89' lang='lat' dir='ltr'>invalescente</span> <span class='ocrx_word' id='word_1_417' title='bbox 1607 1409 1733 1441; x_wconf 89' lang='lat' dir='ltr'>tandem</span> <span class='ocrx_word' id='word_1_418' title='bbox 1755 1414 1858 1443; x_wconf 85' lang='lat' dir='ltr'>omnia</span> 
     </span>
     <span class='ocr_line' id='line_1_83' title="bbox 1087 1447 1858 1488; baseline 0.004 -8"><span class='ocrx_word' id='word_1_419' title='bbox 1087 1448 1220 1486; x_wconf 76' lang='lat' dir='ltr'>cujusvis</span> <span class='ocrx_word' id='word_1_420' title='bbox 1249 1447 1341 1480; x_wconf 84' lang='lat' dir='ltr'>sortis</span> <span class='ocrx_word' id='word_1_421' title='bbox 1370 1447 1520 1487; x_wconf 83' lang='lat' dir='ltr'>assumpta</span> <span class='ocrx_word' id='word_1_422' title='bbox 1551 1448 1683 1488; x_wconf 84' lang='lat' dir='ltr'>rejicit3</span> <span class='ocrx_word' id='word_1_423' title='bbox 1715 1450 1789 1482; x_wconf 90' lang='lat' dir='ltr'>adeo</span> <span class='ocrx_word' id='word_1_424' title='bbox 1822 1460 1858 1483; x_wconf 87' lang='lat' dir='ltr'>ut</span> 
     </span>
     <span class='ocr_line' id='line_1_84' title="bbox 1087 1487 1859 1530; baseline 0.004 -10"><span class='ocrx_word' id='word_1_425' title='bbox 1087 1491 1185 1521; x_wconf 85' lang='lat' dir='ltr'>macie</span> <span class='ocrx_word' id='word_1_426' title='bbox 1206 1487 1328 1520; x_wconf 88' lang='lat' dir='ltr'>demum</span> <span class='ocrx_word' id='word_1_427' title='bbox 1351 1487 1531 1527; x_wconf 71' lang='lat' dir='ltr'>confessus,</span> <span class='ocrx_word' id='word_1_428' title='bbox 1556 1491 1594 1522; x_wconf 88' lang='lat' dir='ltr'>ad</span> <span class='ocrx_word' id='word_1_429' title='bbox 1620 1491 1724 1530; x_wconf 83' lang='lat' dir='ltr'>plures</span> <span class='ocrx_word' id='word_1_430' title='bbox 1746 1495 1859 1530; x_wconf 83' lang='lat' dir='ltr'>migra-</span> 
     </span>
     <span class='ocr_line' id='line_1_85' title="bbox 1089 1538 1191 1561; baseline -0.02 0"><span class='ocrx_word' id='word_1_431' title='bbox 1089 1538 1191 1561; x_wconf 80' lang='lat' dir='ltr'>verit.</span> 
     </span>
    </p>

    <p class='ocr_par' dir='ltr' id='par_1_24' title="bbox 1091 1567 1861 1688">
     <span class='ocr_line' id='line_1_86' title="bbox 1129 1567 1858 1608; baseline 0.003 -7"><span class='ocrx_word' id='word_1_432' title='bbox 1129 1567 1229 1601; x_wconf 86' lang='lat' dir='ltr'>Inciso</span> <span class='ocrx_word' id='word_1_433' title='bbox 1249 1568 1412 1600; x_wconf 86' lang='lat' dir='ltr'>abdomine</span> <span class='ocrx_word' id='word_1_434' title='bbox 1437 1569 1628 1608; x_wconf 83' lang='lat' dir='ltr'>conspicitur</span> <span class='ocrx_word' id='word_1_435' title='bbox 1641 1571 1858 1608; x_wconf 87' lang='lat' dir='ltr'>ventriculus,</span> 
     </span>
     <span class='ocr_line' id='line_1_87' title="bbox 1091 1608 1861 1648; baseline -0.003 -7"><span class='ocrx_word' id='word_1_436' title='bbox 1091 1611 1206 1641; x_wconf 85' lang='lat' dir='ltr'>mirum</span> <span class='ocrx_word' id='word_1_437' title='bbox 1230 1611 1261 1639; x_wconf 90' lang='lat' dir='ltr'>in</span> <span class='ocrx_word' id='word_1_438' title='bbox 1285 1608 1408 1639; x_wconf 80' lang='lat' dir='ltr'>modum</span> <span class='ocrx_word' id='word_1_439' title='bbox 1430 1610 1628 1642; x_wconf 61' lang='lat' dir='ltr'>contrasius:</span> <span class='ocrx_word' id='word_1_440' title='bbox 1657 1611 1786 1648; x_wconf 83' lang='lat' dir='ltr'>pylorus</span> <span class='ocrx_word' id='word_1_441' title='bbox 1808 1624 1861 1644; x_wconf 87' lang='lat' dir='ltr'>ve-</span> 
     </span>
     <span class='ocr_line' id='line_1_88' title="bbox 1092 1648 1861 1688; baseline 0.001 -6"><span class='ocrx_word' id='word_1_442' title='bbox 1092 1662 1126 1683; x_wconf 85' lang='lat' dir='ltr'>ro</span> <span class='ocrx_word' id='word_1_443' title='bbox 1158 1648 1283 1681; x_wconf 84' lang='lat' dir='ltr'>craffior</span> <span class='ocrx_word' id='word_1_444' title='bbox 1306 1648 1341 1679; x_wconf 88' lang='lat'>&amp;</span> <span class='ocrx_word' id='word_1_445' title='bbox 1364 1648 1550 1686; x_wconf 60' lang='lat' dir='ltr'>strabonis,</span> <span class='ocrx_word' id='word_1_446' title='bbox 1580 1651 1774 1688; x_wconf 87' lang='lat' dir='ltr'>cartilaginis</span> <span class='ocrx_word' id='word_1_447' title='bbox 1804 1652 1861 1683; x_wconf 90' lang='lat' dir='ltr'>du-</span> 
     </span>
    </p>
   </div>
   <div class='ocr_carea' id='block_1_21' title="bbox 1092 1688 1862 1763">
    <p class='ocr_par' dir='ltr' id='par_1_25' title="bbox 1092 1688 1862 1763">
     <span class='ocr_line' id='line_1_89' title="bbox 1092 1688 1862 1763; baseline 0.003 -41"><span class='ocrx_word' id='word_1_448' title='bbox 1092 1688 1390 1763; x_wconf 39' lang='lat' dir='ltr'>}iltxignhsaequabat.</span> <span class='ocrx_word' id='word_1_449' title='bbox 1424 1691 1450 1722; x_wconf 91' lang='lat' dir='ltr'><strong>E</strong></span> <span class='ocrx_word' id='word_1_450' title='bbox 1474 1692 1660 1723; x_wconf 87' lang='lat' dir='ltr'><strong>NOSTRIS</strong></span> <span class='ocrx_word' id='word_1_451' title='bbox 1682 1693 1862 1724; x_wconf 85' lang='lat' dir='ltr'>ADVER-</span> 
     </span>
    </p>
   </div>
   <div class='ocr_carea' id='block_1_22' title="bbox 1094 1810 1867 1933">
    <p class='ocr_par' dir='ltr' id='par_1_26' title="bbox 1094 1810 1867 1933">
     <span class='ocr_line' id='line_1_90' title="bbox 1133 1810 1864 1852; baseline -0.003 -8"><span class='ocrx_word' id='word_1_452' title='bbox 1133 1815 1218 1844; x_wconf 86' lang='lat' dir='ltr'>OBS.</span> <span class='ocrx_word' id='word_1_453' title='bbox 1244 1823 1310 1850; x_wconf 84' lang='lat'>192.</span> <span class='ocrx_word' id='word_1_454' title='bbox 1332 1812 1393 1844; x_wconf 81' lang='lat' dir='ltr'>Vir</span> <span class='ocrx_word' id='word_1_455' title='bbox 1414 1810 1680 1850; x_wconf 81' lang='lat' dir='ltr'>quadragenarius</span> <span class='ocrx_word' id='word_1_456' title='bbox 1702 1813 1765 1852; x_wconf 83' lang='lat' dir='ltr'>post</span> <span class='ocrx_word' id='word_1_457' title='bbox 1793 1825 1864 1844; x_wconf 82' lang='lat' dir='ltr'>mer-</span> 
     </span>
     <span class='ocr_line' id='line_1_91' title="bbox 1096 1852 1866 1889; baseline -0.001 -6"><span class='ocrx_word' id='word_1_458' title='bbox 1096 1857 1262 1883; x_wconf 72' lang='lat' dir='ltr'>curialium</span> <span class='ocrx_word' id='word_1_459' title='bbox 1284 1853 1392 1889; x_wconf 84' lang='lat' dir='ltr'>usum,</span> <span class='ocrx_word' id='word_1_460' title='bbox 1423 1852 1534 1882; x_wconf 86' lang='lat' dir='ltr'>incidit</span> <span class='ocrx_word' id='word_1_461' title='bbox 1559 1854 1589 1883; x_wconf 86' lang='lat' dir='ltr'>in</span> <span class='ocrx_word' id='word_1_462' title='bbox 1614 1859 1779 1889; x_wconf 75' lang='lat' dir='ltr'>vomitum,</span> <span class='ocrx_word' id='word_1_463' title='bbox 1810 1865 1866 1884; x_wconf 86' lang='lat' dir='ltr'>an.</span> 
     </span>
     <span class='ocr_line' id='line_1_92' title="bbox 1094 1890 1867 1933; baseline 0.003 -10"><span class='ocrx_word' id='word_1_464' title='bbox 1094 1903 1168 1932; x_wconf 87' lang='lat' dir='ltr'>gore</span> <span class='ocrx_word' id='word_1_465' title='bbox 1186 1913 1195 1928; x_wconf 87' lang='lat'><em>‚</em></span> <span class='ocrx_word' id='word_1_466' title='bbox 1225 1892 1394 1923; x_wconf 89' lang='lat' dir='ltr'>ventriculi</span> <span class='ocrx_word' id='word_1_467' title='bbox 1424 1890 1489 1923; x_wconf 90' lang='lat' dir='ltr'>fere</span> <span class='ocrx_word' id='word_1_468' title='bbox 1518 1894 1669 1924; x_wconf 89' lang='lat' dir='ltr'>continuo</span> <span class='ocrx_word' id='word_1_469' title='bbox 1698 1893 1867 1933; x_wconf 79' lang='lat' dir='ltr'>stipatum3</span> 
     </span>
    </p>
   </div>
   <div class='ocr_carea' id='block_1_23' title="bbox 1091 1931 1869 2012">
    <p class='ocr_par' dir='ltr' id='par_1_27' title="bbox 1091 1931 1869 2012">
     <span class='ocr_line' id='line_1_93' title="bbox 1091 1931 1866 1972; baseline 0.005 -10"><span class='ocrx_word' id='word_1_470' title='bbox 1091 1936 1229 1972; x_wconf 71' lang='lat' dir='ltr'>fingultu</span> <span class='ocrx_word' id='word_1_471' title='bbox 1251 1935 1344 1963; x_wconf 89' lang='lat' dir='ltr'>etiam</span> <span class='ocrx_word' id='word_1_472' title='bbox 1371 1931 1609 1970; x_wconf 76' lang='lat' dir='ltr'>pertinacissimo</span> <span class='ocrx_word' id='word_1_473' title='bbox 1639 1935 1866 1971; x_wconf 81' lang='lat' dir='ltr'>torquebatur.</span> 
     </span>
     <span class='ocr_line' id='line_1_94' title="bbox 1094 1971 1869 2012; baseline -0.003 -7"><span class='ocrx_word' id='word_1_474' title='bbox 1094 1972 1233 2005; x_wconf 76' lang='lat' dir='ltr'>Craffam</span> <span class='ocrx_word' id='word_1_475' title='bbox 1264 1972 1298 2005; x_wconf 88' lang='lat'>&amp;</span> <span class='ocrx_word' id='word_1_476' title='bbox 1332 1974 1420 2011; x_wconf 81' lang='lat' dir='ltr'>pravi</span> <span class='ocrx_word' id='word_1_477' title='bbox 1452 1971 1568 2011; x_wconf 85' lang='lat' dir='ltr'>saporis</span> <span class='ocrx_word' id='word_1_478' title='bbox 1600 1974 1757 2012; x_wconf 81' lang='lat' dir='ltr'>expuebat</span> <span class='ocrx_word' id='word_1_479' title='bbox 1800 1975 1869 2005; x_wconf 84' lang='lat' dir='ltr'>lali-</span> 
     </span>
    </p>
   </div>
   <div class='ocr_carea' id='block_1_24' title="bbox 1097 2013 1868 2086">
    <p class='ocr_par' dir='ltr' id='par_1_28' title="bbox 1097 2013 1868 2086">
     <span class='ocr_line' id='line_1_95' title="bbox 1097 2013 1868 2084; baseline 0.001 -39"><span class='ocrx_word' id='word_1_480' title='bbox 1097 2013 1279 2084; x_wconf 51' lang='lat' dir='ltr'>V²¹²³3b³stv⁰</span> <span class='ocrx_word' id='word_1_481' title='bbox 1301 2021 1479 2045; x_wconf 85' lang='lat' dir='ltr'>remanente</span> <span class='ocrx_word' id='word_1_482' title='bbox 1499 2013 1664 2052; x_wconf 65' lang='lat' dir='ltr'>adstrista3</span> <span class='ocrx_word' id='word_1_483' title='bbox 1685 2025 1720 2045; x_wconf 94' lang='lat' dir='ltr'>ac</span> <span class='ocrx_word' id='word_1_484' title='bbox 1745 2014 1868 2046; x_wconf 87' lang='lat' dir='ltr'>demum</span> 
     </span>
     <span class='ocr_line' id='line_1_96' title="bbox 1097 2060 1864 2086; baseline -0.01 0"><span class='ocrx_word' id='word_1_485' title='bbox 1097 2065 1173 2086; x_wconf 87' lang='lat' dir='ltr'>occu</span> <span class='ocrx_word' id='word_1_486' title='bbox 1199 2063 1244 2085; x_wconf 82' lang='lat' dir='ltr'>uit</span> <span class='ocrx_word' id='word_1_487' title='bbox 1257 2076 1265 2085; x_wconf 82' lang='lat'><strong>.</strong></span> <span class='ocrx_word' id='word_1_488' title='bbox 1859 2060 1864 2065; x_wconf 95' lang='lat'>·</span> 
     </span>
    </p>
   </div>
   <div class='ocr_carea' id='block_1_25' title="bbox 1097 2092 1870 2174">
    <p class='ocr_par' dir='ltr' id='par_1_29' title="bbox 1097 2092 1870 2174">
     <span class='ocr_line' id='line_1_97' title="bbox 1136 2092 1869 2134; baseline 0 -9"><span class='ocrx_word' id='word_1_489' title='bbox 1136 2098 1221 2127; x_wconf 89' lang='lat' dir='ltr'>Inter</span> <span class='ocrx_word' id='word_1_490' title='bbox 1252 2094 1412 2125; x_wconf 85' lang='lat' dir='ltr'>cadaveris</span> <span class='ocrx_word' id='word_1_491' title='bbox 1434 2092 1620 2133; x_wconf 65' lang='lat' dir='ltr'>sectionem,</span> <span class='ocrx_word' id='word_1_492' title='bbox 1653 2096 1782 2134; x_wconf 86' lang='lat' dir='ltr'>pylorus</span> <span class='ocrx_word' id='word_1_493' title='bbox 1815 2093 1869 2125; x_wconf 89' lang='lat' dir='ltr'>ob-</span> 
     </span>
     <span class='ocr_line' id='line_1_98' title="bbox 1097 2133 1870 2174; baseline -0.001 -6"><span class='ocrx_word' id='word_1_494' title='bbox 1097 2136 1242 2168; x_wconf 72' lang='lat' dir='ltr'>servatur</span> <span class='ocrx_word' id='word_1_495' title='bbox 1280 2134 1426 2172; x_wconf 82' lang='lat' dir='ltr'>angustus</span> <span class='ocrx_word' id='word_1_496' title='bbox 1459 2133 1494 2166; x_wconf 86' lang='lat'>&amp;</span> <span class='ocrx_word' id='word_1_497' title='bbox 1539 2134 1731 2174; x_wconf 75' lang='lat' dir='ltr'>praeduru53</span> <span class='ocrx_word' id='word_1_498' title='bbox 1773 2145 1870 2172; x_wconf 88' lang='lat' dir='ltr'>atque</span> 
     </span>
    </p>
   </div>
   <div class='ocr_carea' id='block_1_26' title="bbox 1097 2174 1867 2248">
    <p class='ocr_par' dir='ltr' id='par_1_30' title="bbox 1097 2174 1867 2248">
     <span class='ocr_line' id='line_1_99' title="bbox 1097 2174 1867 2248; baseline 0.005 -44"><span class='ocrx_word' id='word_1_499' title='bbox 1097 2174 1236 2248; x_wconf 50' lang='lat' dir='ltr'>:Egffihsil</span> <span class='ocrx_word' id='word_1_500' title='bbox 1267 2175 1486 2207; x_wconf 87' lang='lat' dir='ltr'>exulceratus.</span> <span class='ocrx_word' id='word_1_501' title='bbox 1517 2178 1653 2208; x_wconf 88' lang='lat' dir='ltr'>CLAR.</span> <span class='ocrx_word' id='word_1_502' title='bbox 1682 2177 1867 2208; x_wconf 85' lang='lat' dir='ltr'>MORGA-</span> 
     </span>
    </p>
   </div>
   <div class='ocr_carea' id='block_1_27' title="bbox 1103 2295 1871 2409">
    <p class='ocr_par' dir='ltr' id='par_1_31' title="bbox 1103 2295 1871 2409">
     <span class='ocr_line' id='line_1_100' title="bbox 1144 2295 1871 2336; baseline 0 -7"><span class='ocrx_word' id='word_1_503' title='bbox 1144 2299 1229 2330; x_wconf 88' lang='lat' dir='ltr'><strong>OBS.</strong></span> <span class='ocrx_word' id='word_1_504' title='bbox 1263 2308 1328 2335; x_wconf 81' lang='lat'>192.</span> <span class='ocrx_word' id='word_1_505' title='bbox 1369 2296 1436 2336; x_wconf 84' lang='lat' dir='ltr'>(a)</span> <span class='ocrx_word' id='word_1_506' title='bbox 1467 2299 1501 2328; x_wconf 88' lang='lat' dir='ltr'>In</span> <span class='ocrx_word' id='word_1_507' title='bbox 1533 2296 1681 2331; x_wconf 86' lang='lat' dir='ltr'>cadavere</span> <span class='ocrx_word' id='word_1_508' title='bbox 1712 2295 1871 2336; x_wconf 82' lang='lat' dir='ltr'>cujusdam</span> 
     </span>
     <span class='ocr_line' id='line_1_101' title="bbox 1103 2339 1870 2385; baseline -0.004 -15"><span class='ocrx_word' id='word_1_509' title='bbox 1103 2342 1266 2380; x_wconf 67' lang='lat' dir='ltr'>hydropici,</span> <span class='ocrx_word' id='word_1_510' title='bbox 1299 2348 1418 2377; x_wconf 82' lang='lat' dir='ltr'>praeter</span> <span class='ocrx_word' id='word_1_511' title='bbox 1448 2339 1606 2376; x_wconf 84' lang='lat' dir='ltr'>ingentem</span> <span class='ocrx_word' id='word_1_512' title='bbox 1629 2349 1718 2380; x_wconf 83' lang='lat' dir='ltr'>aquae</span> <span class='ocrx_word' id='word_1_513' title='bbox 1748 2339 1870 2385; x_wconf 60' lang='lat' dir='ltr'>copiam</span> 
     </span>
     <span class='ocr_line' id='line_1_102' title="bbox 1799 2389 1834 2409; baseline 0 0"><span class='ocrx_word' id='word_1_514' title='bbox 1799 2389 1834 2409; x_wconf 81' lang='lat' dir='ltr'>in</span> 
     </span>
    </p>
   </div>
  </div>
 </body>
</html>
