1945 2615
516 39 520 43 ’
570 66 810 107 LIBER
861 67 1189 111 PRIMUS.

91 142 202 178 instar,
233 140 348 172 referta
371 139 405 171 <Sc
430 146 520 169 utero
545 138 664 170 haerens
684 162 692 170 .
723 138 849 178 Insuper

91 180 333 220 conspiciebatur
355 181 384 209 iii
419 178 516 209 media
541 181 620 210 uteri
650 182 775 210 cervice
798 188 847 209 tu·

90 233 156 253 mor
185 221 282 252 durus
300 240 309 255 ,
339 219 542 256 cartilagineo
562 241 569 244 -
588 217 687 251 osseus
709 239 718 255 ‚
750 227 845 250 totam

88 263 164 292 viam
187 270 342 299 occupans
352 282 359 292 .
383 260 587 291 PARAEUS.

123 342 209 372 oBs.
234 351 319 377 1434.
340 338 482 371 Cadaver
506 339 663 374 mulieris,
685 338 772 374 cujus
795 340 846 368 ab·

85 379 185 412 dome»
216 382 259 411 ita
289 385 479 410 intumuerat
511 388 545 410 ut
578 387 640 409 tres
665 376 790 409 haberet
814 380 846 408 in

83 421 201 451 ambitu
224 421 310 451 ulnas
331 439 340 455 ,
367 418 529 450 exhibebat
553 427 668 457 praeter
690 419 846 455 ingentem

84 470 175 498 aquae
197 462 345 498 cupiatur,
367 468 488 490 uterum
513 460 541 488 in
565 468 630 489 eam
653 457 762 488 molem
783 458 847 487 ela-

86 510 173 535 tum,
203 508 237 530 ut
268 508 368 530 totum
393 497 457 529 fere
479 497 624 529 abdomen
652 506 819 535 occuparet
836 518 846 530 .

86 538 289 572 Recondebat
310 538 420 569 molam
442 548 478 568 ex
502 536 749 569 multisduris&
773 536 847 568 scir-

84 578 179 612 :hosis
198 578 468 616 condylomatibus
488 598 497 613 ,
531 577 566 609 δι’
590 577 730 608 nonnihil
755 586 846 614 puru-

85 620 178 651 lentis
198 618 386 650 constantem
409 640 417 647 .
448 616 659 656 Diaphragma
685 617 792 647 multis
815 619 844 647 in

85 660 162 692 locis
182 657 304 692 exesum
325 657 575 696 conspiciebatur
599 658 804 690 PAVVIUS.

125 741 211 771 0135.
244 748 329 775 ¹435-
356 740 503 770 Matrona
532 740 693 779 gravidam
727 739 759 774 se
794 736 844 772 ase

86 783 235 817 putabat.
270 778 384 816 Elapsis
404 778 525 814 aliquot
546 776 694 808 mensibus
718 778 799 816 pejus
821 780 849 806 ie

88 818 200 850 habere
220 821 340 856 coepit,
372 827 481 848 ventre
504 817 540 848 de
559 817 608 848 die
629 820 660 847 in
682 817 762 848 diem
782 825 850 847 cre-

93 860 195 891 scente
213 881 220 890 .
249 861 372 889 Interea
394 856 501 889 deficit
522 859 704 895 appetitus,
736 865 848 894 urgent

92 904 209 929 ventris
232 897 341 929 dolores
359 919 370 935 ‚
400 897 573 936 praesertim
603 899 637 928 in
665 897 761 928 latere
783 896 849 926 lini-

91 938 150 970 stro
170 961 177 970 .
207 937 344 969 Tandem
373 947 444 968 cum
474 938 506 968 in
534 936 589 968 hac
618 936 740 968 miseria
763 937 846 968 ultra

89 977 166 1009 duos
185 988 282 1008 annos
303 976 534 1016 languesceret,
564 976 650 1009 aucta
673 975 822 1007 febricula
836 995 847 1012 ,

89 1027 106 1048 e
131 1020 193 1048 vita
213 1015 362 1049 discessit.

128 1058 214 1089 secto
241 1057 404 1088 abdomine
423 1078 432 1092 ,
465 1057 632 1094 plurimum
663 1065 754 1093 aquae.
786 1055 848 1086 sub<

88 1105 227 1128 cruentae
257 1095 411 1127 effluxit.
454 1098 570 1126 Uterus
599 1095 846 1132 conspiciebatur

87 1139 213 1174 ingens,
236 1136 345 1165 molam
368 1144 534 1170 carneam,
557 1134 687 1168 duram,
705 1133 775 1175 hinc
800 1136 846 1162 in-

85 1176 122 1206 de
146 1173 301 1212 putridam
324 1173 492 1204 recondens
509 1193 518 1209 ‚
549 1182 618 1202 cum
640 1182 731 1208 aquae
755 1173 844 1202 loeti-

82 1215 129 1245 <1ae
153 1215 236 1245 libris
258 1211 305 1244 sex
327 1235 335 1244 .
367 1214 484 1244 ovariz
510 1212 546 1243 ad
595 1214 666 1249 ugni
690 1213 844 1248 magnitu-

87 1257 188 1286 dinem
211 1261 413 1284 excreverant
433 1275 440 1283 .
469 1253 541 1284 Ren
576 1251 678 1281 inister
702 1260 768 1280 erat
793 1261 844 1288 pu-

86 1295 164 1330 tris'‚
187 1293 223 1327 ὅ(
245 1292 339 1332 hepar
364 1292 562 1332 purulentum
577 1313 585 1323 .
607 1292 734 1322 FABR.
756 1292 842 1322 ΗΠ,-

85 1335 256 1368 DANUS.

64 1447 65 1450 ,
125 1412 312 1451 01331436.
337 1413 442 1445 Puella
465 1410 613 1444 ttedecim
634 1420 730 1441 annos
752 1418 844 1447 nata,

77 1456 148 1493 vost
171 1453 273 1485 casum
295 1453 331 1483 ab
353 1452 438 1488 alto,
460 1454 497 1483 de
518 1451 590 1482 colli
612 1450 718 1480 dolore
740 1452 844 1487 queri-

87 1503 155 1526 tur.
187 1493 250 1525 Post
278 1494 379 1530 plures
399 1491 599 1523 hebdomadas
621 1488 741 1520 emersit
763 1490 843 1519 dolor

85 1539 115 1564 in
139 1533 241 1571 dorsis,
264 1537 327 1564 dein
351 1537 382 1562 in
402 1535 590 1570 hypogastrio.
612 1529 755 1561 Gravida
776 1539 844 1568 pro-

87 1575 271 1603 nunciatur.
305 1572 403 1602 Auen-2
427 1580 526 1602 tamen
550 1574 579 1601 in
601 1570 665 1601 dies
684 1569 844 1608 aegritudi-

87 1621 124 1642 ne
156 1612 217 1680 ιῖοῐὶ
248 1611 325 1642 duos
354 1611 469 1642 menses
501 1610 537 1641 ad
566 1611 725 1642 meliorem
749 1614 843 1642 vitam

84 1659 153 1682 tran
171 1659 213 1680 it.

127 1693 244 1722 Uterus
265 1692 315 1720 ovi
339 1691 499 1729 gallinacei
522 1690 734 1728 magnitudine
758 1701 845 1730 repe-

84 1732 168 1761 ritur
194 1729 348 1761 ulceribus
381 1730 525 1770 oblitus,
553 1729 601 1761 sed
632 1729 690 1761 fine
713 1741 786 1769 pure
807 1731 842 1762 δε

85 1768 222 1802 foetore.
241 1771 431 1801 continebat
449 1768 613 1802 frustulum
631 1772 734 1800 carnis
756 1770 846 1809 spon-

84 1809 199 1848 giosae,
233 1808 267 1840 ἀ
293 1811 450 1847 putridae,
479 1812 585 1841 uncias
614 1820 750 1848 quatuor
773 1821 846 1850 pen*-

85 1850 180 1882 dens·
201 1851 537 1882 BARTHOLINUS.

126 1932 210 1962 035.
234 1943 319 1968 ¹437·
341 1929 489 1973 Quaedam
513 1931 626 1962 mulier
651 1929 844 1970 quadragesi-

87 1980 174 2002 maim.
193 1973 324 2009 primum
357 1973 461 2002 aetatis
491 1981 606 2001 annum
635 1980 727 2009 agens
750 1991 758 2007 ‚
790 1982 843 2010 per

85 2010 270 2043 sexennium.
288 2031 303 2047 r
326 2011 462 2042 abdomen
495 2011 647 2048 uniforme
676 2010 809 2048 gestabat
833 2033 843 2048 ‚

89 2051 149 2082 sine
170 2059 272 2082 tamen
295 2051 430 2082 molestia
450 2071 465 2087 ‚i
496 2050 515 2082 fi
536 2051 671 2088 excipias
694 2050 813 2089 pondus
828 2075 837 2085 .

85 2090 223 2124 Tandem
245 2089 318 2122 fatis
344 2089 448 2123 ceffit.

125 2132 270 2164 Instituta
292 2130 450 2162 cadaveris
481 2130 611 2163 sectione
629 2151 640 2166 ,
671 2132 844 2170 reperieba-

85 2181 138 2204 tur
159 2174 195 2203 in,
215 2180 304 2202 utero
326 2171 408 2202 ultra
432 2171 554 2203 modum
577 2180 737 2208 tumente,
763 2174 843 2203 mola

84 2211 218 2246 rotunda
239 2221 256 2244 e
283 2211 424 2251 pluribus
447 2211 572 2250 vesteis,
602 2212 756 2251 juglandis
780 2224 844 2244 ma-

1482 83 1599 125 ,ως

902 140 1087 178 gnitudine,
1108 143 1263 181 conflata,
1284 143 1561 182 &uteroadnata,
1587 156 1720 185 pon-..-

1664 200 1836 235 ,Unitum

900 180 983 212 deris
1006 181 1184 218 quindecim
1207 185 1375 218 librarum.
1398 189 1586 219 LOSSIUS.

940 262 1024 292 0138.
1058 264 1144 298 1438.
1175 264 1294 295 Mulier
1325 266 1589 303 quinquagenaria
1621 276 1657 297 ex

901 299 1057 338 congressu
1078 311 1149 331 cum
1167 301 1395 336 adolescentulo
1416 309 1659 344 impraegnatur.

901 338 1022 371 Adsunt
1054 342 1156 371 omnia
1178 341 1373 378 graviditatis
1397 344 1477 383 ligna
1508 346 1545 377 ad
1569 355 1666 383 quar„

900 387 965 410 tum
990 378 1143 417 mensem,
1167 391 1229 418 quo
1251 382 1365 414 menses
1378 384 1488 420 copiofi
1500 384 1663 420 fluebant,

898 418 934 451 ἀ
958 419 1083 457 singulis
1114 419 1261 452 mensibus
1292 423 1493 454 recurrebant
1513 446 1522 461 ‚
1552 435 1659 455 ventre

900 468 1040 490 manente
1073 464 1207 491 tumido.
1239 464 1332 493 Nono
1367 462 1466 493 mense
1493 469 1662 500 parturien-

899 503 975 530 tium
997 502 1104 530 dolores
1126 499 1205 539 passa
1226 501 1264 532 est
1289 511 1298 541 ;
1327 500 1378 532 sed
1413 501 1489 533 nihil
1520 504 1663 535 excludi-

898 547 970 570 tur.
993 539 1117 572 Menses
1138 540 1310 572 identidem
1333 541 1458 578 fluunt,
1481 552 1663 581 permanen-

899 588 929 609 te
951 581 1068 610 ventris
1089 589 1230 612 tumore.
1262 582 1399 613 Tandem
1431 582 1573 621 pluribus
1601 584 1663 614 ela·

900 618 955 657 pfis
984 621 1072 651 annis
1091 641 1100 656 ,
1129 621 1212 651 inter
1234 630 1402 653 moerorem
1434 622 1467 655 ὃ(
1500 632 1657 655 aerumnas

899 667 1019 690 mortua
1039 660 1078 690 est
1091 682 1099 691 .

938 702 1026 730 Inter
1047 701 1312 732 exenterationem
1340 701 1500 734 cadaveris
1520 704 1660 734 inventae

901 737 970 770 sunt
1005 740 1034 769 in
1071 748 1162 770 utero
1191 739 1261 772 duae
1291 742 1380 774 molae
1408 753 1530 776 carneae
1551 742 1660 774 dillin-

901 777 977 810 ssae.
1011 781 1189 812 POLLET.

922 861 1026 905 UOBS.
1052 869 1139 897 1439.
1161 861 1279 894 Mulier
1308 861 1423 902 septem
1445 862 1481 896 &
1504 865 1662 901 quinqua-

899 907 984 936 ginta
998 910 1166 936 annorum,
1189 911 1245 939 per
1257 902 1485 940 plmesannos,
1499 905 1659 942 frequenti

899 939 1021 975 dysusia
1046 940 1219 977 laborabat,
1244 951 1326 980 aegre
1347 945 1440 974 etiam
1461 941 1624 980 dejiciebat
1648 962 1659 976 ,

898 977 933 1009 &
953 983 1063 1017 pandus
1095 979 1330 1013 molestiffimum
1366 983 1542 1021 patiebatur
1575 985 1658 1011 circa

895 1019 1076 1087 {crinali-23
1107 1019 1204 1051 donec
1235 1022 1353 1053 viribus
1384 1022 1539 1054 exhaustis
1567 1030 1661 1052 occu-

921 1067 1024 1127 nge-do
1047 1106 1135 1128 utero
1157 1101 1296 1130 occurrit
1308 1101 1385 1130 mola
1409 1109 1498 1130 extus
1521 1098 1595 1130 offea
1618 1099 1655 1131 &

898 1135 981 1164 intus
1001 1145 1133 1170 carnea,
1161 1145 1262 1167 toturn
1286 1137 1408 1168 visceris
1430 1148 1559 1172 cavum,
1588 1147 1661 1169 cum

896 1172 979 1202 arcia
1014 1176 1205 1205 connexione
1251 1176 1370 1212 replens
1394 1199 1401 1206 .
1441 1178 1500 1207 EX
1535 1178 1661 1208 ACTlS

898 1214 1120 1246 CHIRURG.
1144 1216 1483 1248 PARISIENstssus-

942 1295 1031 1339 9135.
1066 1306 1151 1329 ¹440-
1191 1298 1333 1328 Foeinina
1372 1296 1660 1334 quinquagesimum

896 1342 1042 1369 quintum
1061 1336 1165 1366 aetatis
1183 1346 1298 1368 annum
1318 1346 1430 1374 agens,
1453 1347 1591 1368 tumorem
1604 1335 1662 1366 du-

896 1382 963 1403 rum
990 1373 1167 1410 quindecim
1198 1374 1307 1406 abhinc
1339 1378 1428 1407 annis
1456 1379 1487 1407 in
1513 1380 1662 1408 abdomina

895 1412 1028 1449 gestabat
1051 1422 1061 1451 3
1088 1415 1175 1448 cuius
1202 1415 1327 1447 demum
1358 1418 1554 1448 incremento
1581 1417 1660 1446 varii

896 1461 1060 1490 emergunt
1081 1455 1201 1490 morbi,
1223 1456 1338 1492 quibus
1357 1458 1570 1494 extinguitur.

940 1493 1174 1530 Reperiebatur
1197 1503 1305 1527 uterus
1335 1499 1441 1534 ingens
1460 1517 1471 1531 ,
1497 1497 1662 1527 continens

897 1533 1008 1562 molam
1030 1543 1192 1570 carneam,
1217 1545 1287 1566 cum
1311 1547 1400 1573 aquae
1423 1537 1550 1567 citrinae
1572 1535 1661 1566 libris

896 1571 1077 1606 duodecim.
1102 1575 1128 1606 E
1153 1577 1313 1608 DIARIO
1339 1577 1590 1609 ERUDITOR.

937 1654 1122 1687 ommni.
1145 1655 1177 1685 In
1201 1654 1349 1686 cadavere
1372 1657 1511 1687 mulieris
1533 1666 1550 1685 a
1571 1655 1663 1692 quin-

896 1691 996 1723 decim
1019 1695 1107 1724 annis
1130 1694 1252 1729 viduae,
1274 1706 1309 1725 ac
1334 1697 1408 1725 vitae
1431 1698 1583 1731 integrae,
1604 1703 1661 1723 cu·

898 1733 945 1768 jus
966 1734 1102 1762 abdomen
1123 1743 1192 1765 erat
1214 1735 1364 1771 uniforme
1384 1755 1393 1770 ‚
1424 1734 1515 1771 quale
1536 1733 1575 1764 est
1603 1732 1661 1770 hy-

897 1771 1117 1812 dropicorum;
1138 1773 1357 1809 reperiebatur
1380 1774 1459 1806 mola
1475 1775 1602 1808 vivens,
1623 1772 1661 1804 δε

897 1812 1080 1850 incorrupta
1095 1834 1103 1843 .
1127 1812 1357 1847 DURETUS.

937 1893 1023 1922 0135.
1048 1903 1133 1927 ¹442·
1155 1895 1238 1924 Inter
1259 1893 1424 1926 sectionem
1448 1894 1586 1925 mulieris
1608 1903 1659 1924 tu-

899 1943 970 1961 more
994 1937 1071 1962 uteri
1097 1933 1287 1971 laborantis,
1315 1934 1604 1972 deprehendebatur
1624 1936 1658 1963 lu

898 1981 986 2017 utero
1008 1972 1108 2008 mola,
1131 1984 1191 2004 ovo
1213 1973 1354 2006 anserino
1376 1974 1592 2013 magnitudine
1615 1983 1658 2003 ae-

895 2011 1017 2050 qualia,
1038 2010 1073 2043 &
1099 2012 1242 2050 putida.-
1265 2024 1335 2046 cum
1357 2016 1436 2046 male
1457 2013 1562 2045 affeGa
1587 2022 1659 2044 ute-

897 2054 923 2084 ri
946 2051 1130 2085 substantia.
1151 2055 1357 2087 PARAEUS.

936 2133 1060 2163 Huicce
1083 2131 1163 2164 claffi
1186 2132 1316 2165 adscribi
1338 2134 1449 2166 debent
1470 2133 1655 2170 observatio-

896 2180 949 2204 nes
971 2172 1038 2204 Lib.
1062 2174 1084 2207 l.
1104 2176 1180 2211 812,
1205 2177 1303 2212 1366,
1326 2179 1397 2211 ¹647
1413 2197 1425 2212 >
1445 2178 1516 2213 852*

1544 2335 1620 2366 AR-
