<?xml version="1.0" encoding="UTF-8"?>
<!DOCTYPE html PUBLIC "-//W3C//DTD XHTML 1.0 Transitional//EN"
    "http://www.w3.org/TR/xhtml1/DTD/xhtml1-transitional.dtd">
<html xmlns="http://www.w3.org/1999/xhtml" xml:lang="en" lang="en">
 <head>
  <title>
</title>
<meta http-equiv="Content-Type" content="text/html;charset=utf-8" />
  <meta name='ocr-system' content='tesseract 3.04.00' />
  <meta name='ocr-capabilities' content='ocr_page ocr_carea ocr_par ocr_line ocrx_word'/>
</head>
<body>
  <div class='ocr_page' id='page_1' title='image "./historiaanatomic01lieu/historiaanatomic01lieu_0169.png"; bbox 0 0 1945 2615; ppageno 0'>
   <div class='ocr_carea' id='block_1_1' title="bbox 563 66 1605 116">
    <p class='ocr_par' dir='ltr' id='par_1_1' title="bbox 563 66 1605 116">
     <span class='ocr_line' id='line_1_1' title="bbox 563 66 1605 116; baseline -0.001 -9"><span class='ocrx_word' id='word_1_1' title='bbox 563 67 803 107; x_wconf 81' lang='lat' dir='ltr'>LIBER</span> <span class='ocrx_word' id='word_1_2' title='bbox 857 66 1184 107; x_wconf 81' lang='lat' dir='ltr'>PRIMUS.</span> <span class='ocrx_word' id='word_1_3' title='bbox 1528 78 1605 116; x_wconf 83' lang='lat'>141</span> 
     </span>
    </p>
   </div>
   <div class='ocr_carea' id='block_1_2' title="bbox 90 138 1809 377">
    <p class='ocr_par' dir='ltr' id='par_1_2' title="bbox 91 138 1809 256">
     <span class='ocr_line' id='line_1_2' title="bbox 92 138 1671 179; baseline -0.004 -1"><span class='ocrx_word' id='word_1_4' title='bbox 92 143 246 178; x_wconf 74' lang='lat' dir='ltr'>mensuras</span> <span class='ocrx_word' id='word_1_5' title='bbox 266 152 356 179; x_wconf 83' lang='lat' dir='ltr'>aquae</span> <span class='ocrx_word' id='word_1_6' title='bbox 373 139 495 173; x_wconf 75' lang='lat' dir='ltr'>foeridae</span> <span class='ocrx_word' id='word_1_7' title='bbox 513 138 548 172; x_wconf 75' lang='grc' dir='ltr'>δε</span> <span class='ocrx_word' id='word_1_8' title='bbox 563 139 779 175; x_wconf 71' lang='lat' dir='ltr'>flavescentis,</span> <span class='ocrx_word' id='word_1_9' title='bbox 801 151 852 171; x_wconf 90' lang='lat' dir='ltr'>oc-</span> <span class='ocrx_word' id='word_1_10' title='bbox 904 138 1046 172; x_wconf 86' lang='lat' dir='ltr'>habentis</span> <span class='ocrx_word' id='word_1_11' title='bbox 1063 160 1072 176; x_wconf 81' lang='lat'><em>,</em></span> <span class='ocrx_word' id='word_1_12' title='bbox 1093 139 1127 171; x_wconf 69' lang='grc' dir='ltr'>ὃς</span> <span class='ocrx_word' id='word_1_13' title='bbox 1149 139 1219 171; x_wconf 86' lang='lat' dir='ltr'>casu</span> <span class='ocrx_word' id='word_1_14' title='bbox 1243 140 1280 172; x_wconf 84' lang='lat' dir='ltr'>ab</span> <span class='ocrx_word' id='word_1_15' title='bbox 1302 140 1366 171; x_wconf 90' lang='lat' dir='ltr'>alto</span> <span class='ocrx_word' id='word_1_16' title='bbox 1389 140 1521 177; x_wconf 83' lang='lat' dir='ltr'>sublati,</span> <span class='ocrx_word' id='word_1_17' title='bbox 1553 140 1671 179; x_wconf 84' lang='lat' dir='ltr'>reperi-</span> 
     </span>
     <span class='ocr_line' id='line_1_3' title="bbox 92 178 1809 226; baseline -0.003 -9"><span class='ocrx_word' id='word_1_18' title='bbox 92 187 194 217; x_wconf 83' lang='lat' dir='ltr'>currit</span> <span class='ocrx_word' id='word_1_19' title='bbox 215 184 276 213; x_wconf 83' lang='lat' dir='ltr'>lien</span> <span class='ocrx_word' id='word_1_20' title='bbox 300 183 428 219; x_wconf 78' lang='lat' dir='ltr'>exiguus</span> <span class='ocrx_word' id='word_1_21' title='bbox 452 182 563 218; x_wconf 87' lang='lat' dir='ltr'>partim</span> <span class='ocrx_word' id='word_1_22' title='bbox 589 178 703 216; x_wconf 77' lang='lat' dir='ltr'>osseus,</span> <span class='ocrx_word' id='word_1_23' title='bbox 737 182 850 218; x_wconf 88' lang='lat' dir='ltr'>partim</span> <span class='ocrx_word' id='word_1_24' title='bbox 905 189 956 210; x_wconf 90' lang='lat' dir='ltr'>tur</span> <span class='ocrx_word' id='word_1_25' title='bbox 981 179 1069 209; x_wconf 85' lang='lat' dir='ltr'>lienis</span> <span class='ocrx_word' id='word_1_26' title='bbox 1091 179 1214 217; x_wconf 75' lang='lat' dir='ltr'>capsula</span> <span class='ocrx_word' id='word_1_27' title='bbox 1239 188 1304 211; x_wconf 80' lang='lat' dir='ltr'>tota</span> <span class='ocrx_word' id='word_1_28' title='bbox 1327 179 1423 212; x_wconf 70' lang='lat' dir='ltr'>orfea.</span> <span class='ocrx_word' id='word_1_29' title='bbox 1446 180 1590 212; x_wconf 86' lang='lat' dir='ltr'>Eamdern</span> <span class='ocrx_word' id='word_1_30' title='bbox 1613 181 1664 212; x_wconf 88' lang='lat' dir='ltr'>du.</span> <span class='ocrx_word' id='word_1_31' title='bbox 1706 196 1809 226; x_wconf 41' lang='lat' dir='ltr'>hm,</span> 
     </span>
     <span class='ocr_line' id='line_1_4' title="bbox 91 218 1663 256; baseline -0.003 0"><span class='ocrx_word' id='word_1_32' title='bbox 91 224 289 256; x_wconf 86' lang='lat' dir='ltr'>exulceratus</span> <span class='ocrx_word' id='word_1_33' title='bbox 310 244 317 253; x_wconf 91' lang='lat'><strong><em>.</em></strong></span> <span class='ocrx_word' id='word_1_34' title='bbox 349 225 516 253; x_wconf 76' lang='lat' dir='ltr'>omentum</span> <span class='ocrx_word' id='word_1_35' title='bbox 548 228 616 251; x_wconf 87' lang='lat' dir='ltr'>erat</span> <span class='ocrx_word' id='word_1_36' title='bbox 645 219 711 252; x_wconf 82' lang='lat' dir='ltr'>fere</span> <span class='ocrx_word' id='word_1_37' title='bbox 734 218 852 251; x_wconf 83' lang='lat' dir='ltr'>absum-</span> <span class='ocrx_word' id='word_1_38' title='bbox 904 220 1006 250; x_wconf 86' lang='lat' dir='ltr'>ritiem</span> <span class='ocrx_word' id='word_1_39' title='bbox 1034 226 1255 250; x_wconf 77' lang='lat' dir='ltr'>contraxerant</span> <span class='ocrx_word' id='word_1_40' title='bbox 1285 222 1400 251; x_wconf 87' lang='lat' dir='ltr'>arteria</span> <span class='ocrx_word' id='word_1_41' title='bbox 1431 221 1561 252; x_wconf 84' lang='lat' dir='ltr'>coeliaca</span> <span class='ocrx_word' id='word_1_42' title='bbox 1588 241 1596 256; x_wconf 90' lang='lat'>‚</span> <span class='ocrx_word' id='word_1_43' title='bbox 1629 220 1663 252; x_wconf 87' lang='lat'>&amp;</span> 
     </span>
    </p>

    <p class='ocr_par' dir='ltr' id='par_1_3' title="bbox 91 257 1670 341">
     <span class='ocr_line' id='line_1_5' title="bbox 92 257 1669 302; baseline -0.003 -8"><span class='ocrx_word' id='word_1_44' title='bbox 92 271 181 302; x_wconf 86' lang='lat' dir='ltr'>ptum</span> <span class='ocrx_word' id='word_1_45' title='bbox 204 287 212 294; x_wconf 92' lang='lat'>.</span> <span class='ocrx_word' id='word_1_46' title='bbox 241 261 384 293; x_wconf 83' lang='lat' dir='ltr'>Intestina</span> <span class='ocrx_word' id='word_1_47' title='bbox 417 258 519 297; x_wconf 85' lang='lat' dir='ltr'>paffim</span> <span class='ocrx_word' id='word_1_48' title='bbox 549 259 654 296; x_wconf 84' lang='lat' dir='ltr'>erosa,</span> <span class='ocrx_word' id='word_1_49' title='bbox 686 260 851 291; x_wconf 83' lang='lat' dir='ltr'>nonnullas</span> <span class='ocrx_word' id='word_1_50' title='bbox 903 258 1037 298; x_wconf 85' lang='lat' dir='ltr'>splenica</span> <span class='ocrx_word' id='word_1_51' title='bbox 1054 272 1063 290; x_wconf 84' lang='grc'>,-</span> <span class='ocrx_word' id='word_1_52' title='bbox 1090 268 1149 289; x_wconf 87' lang='lat' dir='ltr'>non</span> <span class='ocrx_word' id='word_1_53' title='bbox 1172 257 1257 289; x_wconf 80' lang='lat' dir='ltr'>secus</span> <span class='ocrx_word' id='word_1_54' title='bbox 1278 271 1312 290; x_wconf 86' lang='lat' dir='ltr'>ac</span> <span class='ocrx_word' id='word_1_55' title='bbox 1338 261 1451 297; x_wconf 85' lang='lat' dir='ltr'>larynx</span> <span class='ocrx_word' id='word_1_56' title='bbox 1474 259 1507 291; x_wconf 89' lang='lat'>&amp;</span> <span class='ocrx_word' id='word_1_57' title='bbox 1531 260 1669 295; x_wconf 80' lang='lat' dir='ltr'>trachea,</span> 
     </span>
     <span class='ocr_line' id='line_1_6' title="bbox 91 298 1670 341; baseline -0.002 -9"><span class='ocrx_word' id='word_1_58' title='bbox 91 311 267 341; x_wconf 79' lang='lat' dir='ltr'>gangraenae</span> <span class='ocrx_word' id='word_1_59' title='bbox 291 310 378 332; x_wconf 80' lang='lat' dir='ltr'>notas</span> <span class='ocrx_word' id='word_1_60' title='bbox 401 310 464 339; x_wconf 85' lang='lat' dir='ltr'>prae</span> <span class='ocrx_word' id='word_1_61' title='bbox 489 299 516 330; x_wconf 93' lang='lat' dir='ltr'>se</span> <span class='ocrx_word' id='word_1_62' title='bbox 538 298 700 331; x_wconf 84' lang='lat' dir='ltr'>ferebant.</span> <span class='ocrx_word' id='word_1_63' title='bbox 733 302 850 331; x_wconf 80' lang='lat' dir='ltr'>Perito—</span> <span class='ocrx_word' id='word_1_64' title='bbox 902 309 972 330; x_wconf 89' lang='lat' dir='ltr'>cum</span> <span class='ocrx_word' id='word_1_65' title='bbox 992 299 1118 329; x_wconf 86' lang='lat' dir='ltr'>arteriis</span> <span class='ocrx_word' id='word_1_66' title='bbox 1139 301 1313 331; x_wconf 85' lang='lat' dir='ltr'>coronariis</span> <span class='ocrx_word' id='word_1_67' title='bbox 1328 323 1335 331; x_wconf 93' lang='lat'>.</span> <span class='ocrx_word' id='word_1_68' title='bbox 1368 302 1429 333; x_wconf 90' lang='lat' dir='ltr'>EX</span> <span class='ocrx_word' id='word_1_69' title='bbox 1453 302 1578 332; x_wconf 83' lang='lat' dir='ltr'>ACTIS</span> <span class='ocrx_word' id='word_1_70' title='bbox 1602 303 1670 332; x_wconf 83' lang='lat' dir='ltr'>PA.</span> 
     </span>
    </p>

    <p class='ocr_par' dir='ltr' id='par_1_4' title="bbox 90 339 1190 377">
     <span class='ocr_line' id='line_1_7' title="bbox 90 339 1190 377; baseline -0.002 -6"><span class='ocrx_word' id='word_1_71' title='bbox 90 351 179 373; x_wconf 87' lang='lat' dir='ltr'>neum</span> <span class='ocrx_word' id='word_1_72' title='bbox 201 341 330 372; x_wconf 86' lang='lat' dir='ltr'>maculis</span> <span class='ocrx_word' id='word_1_73' title='bbox 361 341 462 370; x_wconf 80' lang='lat' dir='ltr'>lividis</span> <span class='ocrx_word' id='word_1_74' title='bbox 485 339 520 370; x_wconf 67' lang='grc' dir='ltr'>ὃ(</span> <span class='ocrx_word' id='word_1_75' title='bbox 553 341 649 377; x_wconf 83' lang='lat' dir='ltr'>nigris</span> <span class='ocrx_word' id='word_1_76' title='bbox 678 349 746 371; x_wconf 85' lang='lat' dir='ltr'>erat</span> <span class='ocrx_word' id='word_1_77' title='bbox 771 349 854 371; x_wconf 88' lang='lat' dir='ltr'>nota-</span> <span class='ocrx_word' id='word_1_78' title='bbox 906 340 1190 371; x_wconf 81' lang='lat' dir='ltr'>Rl-SIENSIBUS.</span> 
     </span>
    </p>
   </div>
   <div class='ocr_carea' id='block_1_3' title="bbox 1676 163 1842 174">
    <p class='ocr_par' dir='ltr' id='par_1_5' title="bbox 1676 163 1842 174">
     <span class='ocr_line' id='line_1_8' title="bbox 1676 163 1842 174; baseline 0 2441"><span class='ocrx_word' id='word_1_79' title='bbox 1676 163 1842 174; x_wconf 95' lang='lat' dir='ltr'> </span> 
     </span>
    </p>
   </div>
   <div class='ocr_carea' id='block_1_4' title="bbox 91 381 631 413">
    <p class='ocr_par' dir='ltr' id='par_1_6' title="bbox 91 381 631 413">
     <span class='ocr_line' id='line_1_9' title="bbox 91 381 631 413; baseline 0 -1"><span class='ocrx_word' id='word_1_80' title='bbox 91 388 158 413; x_wconf 89' lang='lat' dir='ltr'>tum</span> <span class='ocrx_word' id='word_1_81' title='bbox 177 404 184 413; x_wconf 89' lang='lat'><strong>.</strong></span> <span class='ocrx_word' id='word_1_82' title='bbox 207 383 342 413; x_wconf 86' lang='lat' dir='ltr'>CLAR.</span> <span class='ocrx_word' id='word_1_83' title='bbox 364 381 609 412; x_wconf 87' lang='lat' dir='ltr'>BAADERUS</span> <span class='ocrx_word' id='word_1_84' title='bbox 623 401 631 411; x_wconf 83' lang='grc'><strong>.</strong></span> 
     </span>
    </p>
   </div>
   <div class='ocr_carea' id='block_1_5' title="bbox 89 459 853 540">
    <p class='ocr_par' dir='ltr' id='par_1_7' title="bbox 89 459 853 540">
     <span class='ocr_line' id='line_1_10' title="bbox 126 459 853 498; baseline -0.006 -6"><span class='ocrx_word' id='word_1_85' title='bbox 126 463 211 492; x_wconf 76' lang='grc'><strong>088.</strong></span> <span class='ocrx_word' id='word_1_86' title='bbox 243 471 312 497; x_wconf 86' lang='lat'><em>992.</em></span> <span class='ocrx_word' id='word_1_87' title='bbox 345 464 429 492; x_wconf 85' lang='lat' dir='ltr'>Inter</span> <span class='ocrx_word' id='word_1_88' title='bbox 459 460 721 492; x_wconf 80' lang='lat' dir='ltr'>exenterationem</span> <span class='ocrx_word' id='word_1_89' title='bbox 751 459 853 498; x_wconf 77' lang='lat' dir='ltr'>cujus-</span> 
     </span>
     <span class='ocr_line' id='line_1_11' title="bbox 89 499 853 540; baseline -0.001 -8"><span class='ocrx_word' id='word_1_90' title='bbox 89 499 158 532; x_wconf 84' lang='lat' dir='ltr'>dam</span> <span class='ocrx_word' id='word_1_91' title='bbox 188 504 362 540; x_wconf 75' lang='lat' dir='ltr'>oftogenarii</span> <span class='ocrx_word' id='word_1_92' title='bbox 382 521 391 536; x_wconf 88' lang='lat'><em>‚</em></span> <span class='ocrx_word' id='word_1_93' title='bbox 422 502 538 538; x_wconf 86' lang='lat' dir='ltr'>optime</span> <span class='ocrx_word' id='word_1_94' title='bbox 570 499 645 530; x_wconf 90' lang='lat' dir='ltr'>dum</span> <span class='ocrx_word' id='word_1_95' title='bbox 668 501 791 532; x_wconf 87' lang='lat' dir='ltr'>viveret</span> <span class='ocrx_word' id='word_1_96' title='bbox 822 499 853 532; x_wconf 85' lang='lat' dir='ltr'>se</span> 
     </span>
    </p>
   </div>
   <div class='ocr_carea' id='block_1_6' title="bbox 907 417 1669 496">
    <p class='ocr_par' dir='ltr' id='par_1_8' title="bbox 907 417 1669 496">
     <span class='ocr_line' id='line_1_12' title="bbox 945 417 1669 456; baseline 0.003 -7"><span class='ocrx_word' id='word_1_97' title='bbox 945 421 978 450; x_wconf 90' lang='lat' dir='ltr'>In</span> <span class='ocrx_word' id='word_1_98' title='bbox 1000 418 1056 450; x_wconf 87' lang='lat' dir='ltr'>hac</span> <span class='ocrx_word' id='word_1_99' title='bbox 1086 417 1162 450; x_wconf 83' lang='lat' dir='ltr'>sei-ie</span> <span class='ocrx_word' id='word_1_100' title='bbox 1182 418 1306 450; x_wconf 85' lang='lat' dir='ltr'>admitti</span> <span class='ocrx_word' id='word_1_101' title='bbox 1337 427 1458 456; x_wconf 87' lang='lat' dir='ltr'>queunt</span> <span class='ocrx_word' id='word_1_102' title='bbox 1482 419 1669 452; x_wconf 77' lang='lat' dir='ltr'>observati·-</span> 
     </span>
     <span class='ocr_line' id='line_1_13' title="bbox 907 459 1506 496; baseline -0.002 -6"><span class='ocrx_word' id='word_1_103' title='bbox 907 469 958 491; x_wconf 87' lang='lat' dir='ltr'>nes</span> <span class='ocrx_word' id='word_1_104' title='bbox 980 459 1047 492; x_wconf 87' lang='lat' dir='ltr'>Lib.</span> <span class='ocrx_word' id='word_1_105' title='bbox 1067 462 1091 491; x_wconf 88' lang='lat'>1.</span> <span class='ocrx_word' id='word_1_106' title='bbox 1115 469 1192 495; x_wconf 81' lang='lat'><em>225,</em></span> <span class='ocrx_word' id='word_1_107' title='bbox 1215 470 1293 496; x_wconf 87' lang='lat'>227,</span> <span class='ocrx_word' id='word_1_108' title='bbox 1316 464 1371 496; x_wconf 83' lang='lat'>603</span> <span class='ocrx_word' id='word_1_109' title='bbox 1386 479 1396 495; x_wconf 91' lang='lat'>,</span> <span class='ocrx_word' id='word_1_110' title='bbox 1421 462 1506 493; x_wconf 80' lang='lat'>1648.</span> 
     </span>
    </p>
   </div>
   <div class='ocr_carea' id='block_1_7' title="bbox 89 596 1669 618">
    <p class='ocr_par' dir='ltr' id='par_1_9' title="bbox 89 596 1669 618">
     <span class='ocr_line' id='line_1_14' title="bbox 89 596 1669 618; baseline -0.003 0"><span class='ocrx_word' id='word_1_111' title='bbox 89 596 173 618; x_wconf 46' lang='lat'>*0¹03</span> <span class='ocrx_word' id='word_1_112' title='bbox 178 599 656 618; x_wconf 46' lang='lat' dir='ltr'>‘Ottouoz&#39;vossa&#39;otwvssOss-Otvt</span> <span class='ocrx_word' id='word_1_113' title='bbox 661 598 702 615; x_wconf 56' lang='lat' dir='ltr'>*O*</span> <span class='ocrx_word' id='word_1_114' title='bbox 707 599 880 617; x_wconf 52' lang='lat' dir='ltr'>&#39;OWOvOt&#39;Offl</span> <span class='ocrx_word' id='word_1_115' title='bbox 885 599 926 616; x_wconf 64' lang='lat' dir='ltr'>*Oi</span> <span class='ocrx_word' id='word_1_116' title='bbox 931 596 1669 617; x_wconf 49' lang='lat' dir='ltr'>Ovuossossvuoassoiwwuovossostovouaivvm</span> 
     </span>
    </p>
   </div>
   <div class='ocr_carea' id='block_1_8' title="bbox 324 681 851 723">
    <p class='ocr_par' dir='ltr' id='par_1_10' title="bbox 324 681 851 723">
     <span class='ocr_line' id='line_1_15' title="bbox 324 681 851 723; baseline -0.004 0"><span class='ocrx_word' id='word_1_117' title='bbox 324 681 851 723; x_wconf 79' lang='lat' dir='ltr'>A&#39;RTICU</span> 
     </span>
    </p>
   </div>
   <div class='ocr_carea' id='block_1_9' title="bbox 913 677 1433 722">
    <p class='ocr_par' dir='ltr' id='par_1_11' title="bbox 913 677 1433 722">
     <span class='ocr_line' id='line_1_16' title="bbox 913 677 1433 722; baseline -0.004 -1"><span class='ocrx_word' id='word_1_118' title='bbox 913 683 947 721; x_wconf 97' lang='lat' dir='ltr'>L</span> <span class='ocrx_word' id='word_1_119' title='bbox 1007 681 1050 720; x_wconf 95' lang='lat' dir='ltr'>U</span> <span class='ocrx_word' id='word_1_120' title='bbox 1112 681 1138 720; x_wconf 88' lang='lat' dir='ltr'>S</span> <span class='ocrx_word' id='word_1_121' title='bbox 1257 677 1433 722; x_wconf 79' lang='lat' dir='ltr'>XI-II.</span> 
     </span>
    </p>
   </div>
   <div class='ocr_carea' id='block_1_10' title="bbox 565 792 1198 855">
    <p class='ocr_par' dir='ltr' id='par_1_12' title="bbox 565 792 1198 855">
     <span class='ocr_line' id='line_1_17' title="bbox 565 792 1198 855; baseline -0.005 -17"><span class='ocrx_word' id='word_1_122' title='bbox 565 797 661 838; x_wconf 83' lang='lat' dir='ltr'>Lien</span> <span class='ocrx_word' id='word_1_123' title='bbox 694 795 864 855; x_wconf 80' lang='lat' dir='ltr'>lapideus</span> <span class='ocrx_word' id='word_1_124' title='bbox 895 796 945 838; x_wconf 66' lang='lat'>&lt;31⁴</span> <span class='ocrx_word' id='word_1_125' title='bbox 973 792 1198 850; x_wconf 76' lang='lat' dir='ltr'><em>calculosus.</em></span> 
     </span>
    </p>
   </div>
   <div class='ocr_carea' id='block_1_11' title="bbox 91 944 855 1650">
    <p class='ocr_par' dir='ltr' id='par_1_13' title="bbox 91 944 855 1297">
     <span class='ocr_line' id='line_1_18' title="bbox 136 944 854 988; baseline -0.001 -11"><span class='ocrx_word' id='word_1_126' title='bbox 136 947 221 977; x_wconf 87' lang='lat' dir='ltr'><strong>OBS.</strong></span> <span class='ocrx_word' id='word_1_127' title='bbox 242 955 310 983; x_wconf 86' lang='lat'><strong>993·</strong></span> <span class='ocrx_word' id='word_1_128' title='bbox 333 944 466 988; x_wconf 81' lang='lat' dir='ltr'>Quidam</span> <span class='ocrx_word' id='word_1_129' title='bbox 498 954 636 978; x_wconf 72' lang='lat' dir='ltr'>tumorem</span> <span class='ocrx_word' id='word_1_130' title='bbox 656 947 738 976; x_wconf 78' lang='lat' dir='ltr'>circa</span> <span class='ocrx_word' id='word_1_131' title='bbox 761 947 854 976; x_wconf 82' lang='lat' dir='ltr'>umbi-</span> 
     </span>
     <span class='ocr_line' id='line_1_19' title="bbox 95 984 855 1023; baseline 0.001 -9"><span class='ocrx_word' id='word_1_132' title='bbox 95 985 187 1015; x_wconf 78' lang='lat' dir='ltr'>licum</span> <span class='ocrx_word' id='word_1_133' title='bbox 219 984 331 1016; x_wconf 86' lang='lat' dir='ltr'>durum</span> <span class='ocrx_word' id='word_1_134' title='bbox 362 984 397 1017; x_wconf 68' lang='grc' dir='ltr'>ὃς</span> <span class='ocrx_word' id='word_1_135' title='bbox 421 986 608 1017; x_wconf 85' lang='lat' dir='ltr'>renitentem</span> <span class='ocrx_word' id='word_1_136' title='bbox 630 1006 639 1021; x_wconf 84' lang='lat'>‚</span> <span class='ocrx_word' id='word_1_137' title='bbox 668 984 782 1023; x_wconf 84' lang='lat' dir='ltr'>septem</span> <span class='ocrx_word' id='word_1_138' title='bbox 805 985 855 1015; x_wconf 51' lang='lat' dir='ltr'>ab«</span> 
     </span>
     <span class='ocr_line' id='line_1_20' title="bbox 100 1022 853 1063; baseline -0.001 -9"><span class='ocrx_word' id='word_1_139' title='bbox 100 1022 172 1055; x_wconf 89' lang='lat' dir='ltr'>hinc</span> <span class='ocrx_word' id='word_1_140' title='bbox 193 1027 302 1061; x_wconf 82' lang='lat' dir='ltr'>annis,</span> <span class='ocrx_word' id='word_1_141' title='bbox 333 1024 466 1063; x_wconf 79' lang='lat' dir='ltr'>gestabat</span> <span class='ocrx_word' id='word_1_142' title='bbox 483 1047 491 1056; x_wconf 91' lang='lat'>.</span> <span class='ocrx_word' id='word_1_143' title='bbox 522 1026 655 1057; x_wconf 80' lang='lat' dir='ltr'>Accedit</span> <span class='ocrx_word' id='word_1_144' title='bbox 676 1027 829 1058; x_wconf 60' lang='lat' dir='ltr'>anasum</span> <span class='ocrx_word' id='word_1_145' title='bbox 845 1046 853 1060; x_wconf 92' lang='lat'>,</span> 
     </span>
     <span class='ocr_line' id='line_1_21' title="bbox 99 1064 855 1102; baseline -0.003 -8"><span class='ocrx_word' id='word_1_146' title='bbox 99 1073 169 1094; x_wconf 80' lang='lat' dir='ltr'>cum</span> <span class='ocrx_word' id='word_1_147' title='bbox 192 1068 284 1094; x_wconf 77' lang='lat' dir='ltr'>dolore</span> <span class='ocrx_word' id='word_1_148' title='bbox 309 1069 341 1093; x_wconf 76' lang='lat' dir='ltr'>in</span> <span class='ocrx_word' id='word_1_149' title='bbox 363 1064 569 1102; x_wconf 77' lang='lat' dir='ltr'>hypochondria</span> <span class='ocrx_word' id='word_1_150' title='bbox 594 1067 710 1102; x_wconf 78' lang='lat' dir='ltr'>finistro</span> <span class='ocrx_word' id='word_1_151' title='bbox 731 1064 765 1095; x_wconf 69' lang='grc' dir='ltr'>δε</span> <span class='ocrx_word' id='word_1_152' title='bbox 794 1066 855 1099; x_wconf 70' lang='lat' dir='ltr'>spi—</span> 
     </span>
     <span class='ocr_line' id='line_1_22' title="bbox 96 1104 853 1140; baseline -0.003 -8"><span class='ocrx_word' id='word_1_153' title='bbox 96 1107 186 1134; x_wconf 64' lang='lat' dir='ltr'>randi</span> <span class='ocrx_word' id='word_1_154' title='bbox 216 1105 415 1140; x_wconf 71' lang='lat' dir='ltr'>difficultate.</span> <span class='ocrx_word' id='word_1_155' title='bbox 447 1104 595 1138; x_wconf 78' lang='lat' dir='ltr'>Sequitur</span> <span class='ocrx_word' id='word_1_156' title='bbox 628 1108 754 1132; x_wconf 71' lang='lat' dir='ltr'>vomitu-s</span> <span class='ocrx_word' id='word_1_157' title='bbox 781 1104 853 1136; x_wconf 75' lang='lat' dir='ltr'>fim-</span> 
     </span>
     <span class='ocr_line' id='line_1_23' title="bbox 92 1139 851 1179; baseline 0.003 -9"><span class='ocrx_word' id='word_1_158' title='bbox 92 1147 213 1179; x_wconf 74' lang='lat' dir='ltr'>guinis,</span> <span class='ocrx_word' id='word_1_159' title='bbox 245 1151 315 1171; x_wconf 86' lang='lat' dir='ltr'>cum</span> <span class='ocrx_word' id='word_1_160' title='bbox 337 1139 563 1173; x_wconf 65' lang='lat' dir='ltr'>deiectionibus</span> <span class='ocrx_word' id='word_1_161' title='bbox 591 1140 793 1172; x_wconf 73' lang='lat' dir='ltr'>foetidiffimis</span> <span class='ocrx_word' id='word_1_162' title='bbox 817 1140 851 1172; x_wconf 70' lang='grc' dir='ltr'>δε</span> 
     </span>
     <span class='ocr_line' id='line_1_24' title="bbox 91 1179 852 1218; baseline 0 -8"><span class='ocrx_word' id='word_1_163' title='bbox 91 1179 320 1218; x_wconf 76' lang='lat' dir='ltr'>nigricantibus</span> <span class='ocrx_word' id='word_1_164' title='bbox 338 1202 346 1212; x_wconf 90' lang='lat'><strong>.</strong></span> <span class='ocrx_word' id='word_1_165' title='bbox 380 1183 477 1217; x_wconf 83' lang='lat' dir='ltr'>Urget</span> <span class='ocrx_word' id='word_1_166' title='bbox 498 1182 616 1211; x_wconf 86' lang='lat' dir='ltr'>interea</span> <span class='ocrx_word' id='word_1_167' title='bbox 645 1180 733 1210; x_wconf 89' lang='lat' dir='ltr'>dolor</span> <span class='ocrx_word' id='word_1_168' title='bbox 758 1179 852 1217; x_wconf 82' lang='lat' dir='ltr'>hypo-</span> 
     </span>
     <span class='ocr_line' id='line_1_25' title="bbox 92 1219 851 1258; baseline -0.001 -7"><span class='ocrx_word' id='word_1_169' title='bbox 92 1219 232 1251; x_wconf 78' lang='lat' dir='ltr'>chondrii</span> <span class='ocrx_word' id='word_1_170' title='bbox 255 1229 264 1258; x_wconf 89' lang='lat'>;</span> <span class='ocrx_word' id='word_1_171' title='bbox 296 1230 331 1251; x_wconf 90' lang='lat' dir='ltr'>ac</span> <span class='ocrx_word' id='word_1_172' title='bbox 354 1220 477 1251; x_wconf 74' lang='lat' dir='ltr'>tandem</span> <span class='ocrx_word' id='word_1_173' title='bbox 500 1221 618 1256; x_wconf 84' lang='lat' dir='ltr'>ingruit</span> <span class='ocrx_word' id='word_1_174' title='bbox 634 1220 729 1257; x_wconf 73' lang='lat' dir='ltr'>febris</span> <span class='ocrx_word' id='word_1_175' title='bbox 750 1221 851 1251; x_wconf 82' lang='lat' dir='ltr'>conti-</span> 
     </span>
     <span class='ocr_line' id='line_1_26' title="bbox 92 1259 699 1297; baseline 0.005 -8"><span class='ocrx_word' id='word_1_176' title='bbox 92 1271 151 1290; x_wconf 83' lang='lat' dir='ltr'>nua</span> <span class='ocrx_word' id='word_1_177' title='bbox 166 1282 173 1295; x_wconf 83' lang='grc'>,</span> <span class='ocrx_word' id='word_1_178' title='bbox 197 1271 257 1297; x_wconf 83' lang='lat' dir='ltr'>qua</span> <span class='ocrx_word' id='word_1_179' title='bbox 280 1259 331 1291; x_wconf 87' lang='lat' dir='ltr'>die</span> <span class='ocrx_word' id='word_1_180' title='bbox 352 1260 461 1292; x_wconf 61' lang='lat' dir='ltr'>odlavo</span> <span class='ocrx_word' id='word_1_181' title='bbox 481 1261 699 1297; x_wconf 77' lang='lat' dir='ltr'>extinguitur.</span> 
     </span>
    </p>

    <p class='ocr_par' dir='ltr' id='par_1_14' title="bbox 91 1298 855 1650">
     <span class='ocr_line' id='line_1_27' title="bbox 134 1298 852 1338; baseline 0.001 -8"><span class='ocrx_word' id='word_1_182' title='bbox 134 1303 250 1331; x_wconf 79' lang='lat' dir='ltr'>Praeter</span> <span class='ocrx_word' id='word_1_183' title='bbox 281 1311 419 1338; x_wconf 83' lang='lat' dir='ltr'>magnam</span> <span class='ocrx_word' id='word_1_184' title='bbox 441 1311 531 1338; x_wconf 85' lang='lat' dir='ltr'>aquae</span> <span class='ocrx_word' id='word_1_185' title='bbox 564 1302 684 1338; x_wconf 83' lang='lat' dir='ltr'>copiam</span> <span class='ocrx_word' id='word_1_186' title='bbox 708 1300 737 1330; x_wconf 88' lang='lat' dir='ltr'>in</span> <span class='ocrx_word' id='word_1_187' title='bbox 761 1298 852 1331; x_wconf 87' lang='lat' dir='ltr'>abdo-</span> 
     </span>
     <span class='ocr_line' id='line_1_28' title="bbox 94 1338 854 1378; baseline -0.001 -7"><span class='ocrx_word' id='word_1_188' title='bbox 94 1342 176 1371; x_wconf 86' lang='lat' dir='ltr'>mine</span> <span class='ocrx_word' id='word_1_189' title='bbox 197 1339 383 1378; x_wconf 80' lang='lat' dir='ltr'>stagnantem</span> <span class='ocrx_word' id='word_1_190' title='bbox 406 1361 415 1376; x_wconf 88' lang='lat'>‚</span> <span class='ocrx_word' id='word_1_191' title='bbox 450 1342 607 1378; x_wconf 78' lang='lat' dir='ltr'>reperitur</span> <span class='ocrx_word' id='word_1_192' title='bbox 636 1340 780 1378; x_wconf 84' lang='lat' dir='ltr'>epiploon</span> <span class='ocrx_word' id='word_1_193' title='bbox 813 1338 854 1370; x_wconf 90' lang='lat' dir='ltr'>se-</span> 
     </span>
     <span class='ocr_line' id='line_1_29' title="bbox 91 1380 854 1418; baseline -0.001 -8"><span class='ocrx_word' id='word_1_194' title='bbox 91 1380 346 1418; x_wconf 86' lang='lat' dir='ltr'>mi-putridum.</span> <span class='ocrx_word' id='word_1_195' title='bbox 372 1380 708 1418; x_wconf 83' lang='lat' dir='ltr'>Heparinssupendam</span> <span class='ocrx_word' id='word_1_196' title='bbox 732 1380 854 1416; x_wconf 89' lang='lat' dir='ltr'>molem,</span> 
     </span>
     <span class='ocr_line' id='line_1_30' title="bbox 94 1419 855 1459; baseline 0 -9"><span class='ocrx_word' id='word_1_197' title='bbox 94 1419 252 1451; x_wconf 85' lang='lat' dir='ltr'>dimidiam</span> <span class='ocrx_word' id='word_1_198' title='bbox 275 1423 392 1452; x_wconf 83' lang='lat' dir='ltr'>ventris</span> <span class='ocrx_word' id='word_1_199' title='bbox 421 1429 539 1459; x_wconf 88' lang='lat' dir='ltr'>partem</span> <span class='ocrx_word' id='word_1_200' title='bbox 570 1420 767 1457; x_wconf 82' lang='lat' dir='ltr'>replentem,</span> <span class='ocrx_word' id='word_1_201' title='bbox 805 1429 855 1450; x_wconf 81' lang='lat' dir='ltr'>ac-</span> 
     </span>
     <span class='ocr_line' id='line_1_31' title="bbox 92 1457 855 1498; baseline -0.004 -7"><span class='ocrx_word' id='word_1_202' title='bbox 92 1469 256 1497; x_wconf 81' lang='lat' dir='ltr'>creverat3</span> <span class='ocrx_word' id='word_1_203' title='bbox 279 1459 395 1491; x_wconf 85' lang='lat' dir='ltr'>scilicet</span> <span class='ocrx_word' id='word_1_204' title='bbox 419 1460 454 1489; x_wconf 85' lang='lat' dir='ltr'>ad</span> <span class='ocrx_word' id='word_1_205' title='bbox 479 1461 594 1498; x_wconf 81' lang='lat' dir='ltr'>pelvim</span> <span class='ocrx_word' id='word_1_206' title='bbox 619 1458 713 1495; x_wconf 80' lang='lat' dir='ltr'>usque</span> <span class='ocrx_word' id='word_1_207' title='bbox 734 1457 855 1489; x_wconf 86' lang='lat' dir='ltr'>descen.</span> 
     </span>
     <span class='ocr_line' id='line_1_32' title="bbox 93 1498 854 1536; baseline 0 -7"><span class='ocrx_word' id='word_1_208' title='bbox 93 1499 182 1530; x_wconf 82' lang='lat' dir='ltr'>debat</span> <span class='ocrx_word' id='word_1_209' title='bbox 202 1520 212 1534; x_wconf 86' lang='lat'>,</span> <span class='ocrx_word' id='word_1_210' title='bbox 240 1509 309 1530; x_wconf 86' lang='lat' dir='ltr'>cum</span> <span class='ocrx_word' id='word_1_211' title='bbox 335 1499 520 1536; x_wconf 83' lang='lat' dir='ltr'>putriditate</span> <span class='ocrx_word' id='word_1_212' title='bbox 550 1500 580 1529; x_wconf 87' lang='lat' dir='ltr'>in</span> <span class='ocrx_word' id='word_1_213' title='bbox 605 1507 693 1536; x_wconf 89' lang='lat' dir='ltr'>parte</span> <span class='ocrx_word' id='word_1_214' title='bbox 713 1498 823 1536; x_wconf 83' lang='lat' dir='ltr'>postica</span> <span class='ocrx_word' id='word_1_215' title='bbox 846 1521 854 1530; x_wconf 85' lang='lat'><strong><em>.</em></strong></span> 
     </span>
     <span class='ocr_line' id='line_1_33' title="bbox 95 1538 852 1576; baseline 0 -7"><span class='ocrx_word' id='word_1_216' title='bbox 95 1541 172 1570; x_wconf 85' lang='lat' dir='ltr'>Lien</span> <span class='ocrx_word' id='word_1_217' title='bbox 206 1539 302 1576; x_wconf 87' lang='lat' dir='ltr'>triplo</span> <span class='ocrx_word' id='word_1_218' title='bbox 332 1538 425 1574; x_wconf 76' lang='lat' dir='ltr'>major</span> <span class='ocrx_word' id='word_1_219' title='bbox 458 1538 568 1576; x_wconf 84' lang='lat' dir='ltr'>lapidis</span> <span class='ocrx_word' id='word_1_220' title='bbox 599 1538 692 1569; x_wconf 79' lang='lat' dir='ltr'>inllar</span> <span class='ocrx_word' id='word_1_221' title='bbox 722 1538 852 1570; x_wconf 82' lang='lat' dir='ltr'>induru-</span> 
     </span>
     <span class='ocr_line' id='line_1_34' title="bbox 95 1575 853 1616; baseline 0.003 -8"><span class='ocrx_word' id='word_1_222' title='bbox 95 1587 181 1608; x_wconf 84' lang='lat' dir='ltr'>erat.</span> <span class='ocrx_word' id='word_1_223' title='bbox 205 1578 408 1609; x_wconf 70' lang='lat' dir='ltr'>Ventriculus</span> <span class='ocrx_word' id='word_1_224' title='bbox 430 1575 464 1608; x_wconf 82' lang='lat'>&amp;</span> <span class='ocrx_word' id='word_1_225' title='bbox 488 1577 628 1609; x_wconf 80' lang='lat' dir='ltr'>intestina</span> <span class='ocrx_word' id='word_1_226' title='bbox 650 1579 741 1610; x_wconf 74' lang='lat' dir='ltr'>latice</span> <span class='ocrx_word' id='word_1_227' title='bbox 766 1580 853 1616; x_wconf 75' lang='lat' dir='ltr'>nigro</span> 
     </span>
     <span class='ocr_line' id='line_1_35' title="bbox 96 1616 592 1650; baseline 0.002 -1"><span class='ocrx_word' id='word_1_228' title='bbox 96 1616 253 1649; x_wconf 73' lang='lat' dir='ltr'>scatebant</span> <span class='ocrx_word' id='word_1_229' title='bbox 271 1639 278 1648; x_wconf 93' lang='lat'><strong>.</strong></span> <span class='ocrx_word' id='word_1_230' title='bbox 299 1619 592 1650; x_wconf 84' lang='lat' dir='ltr'><strong>CLAUDERUS.</strong></span> 
     </span>
    </p>
   </div>
   <div class='ocr_carea' id='block_1_12' title="bbox 96 1698 856 2252">
    <p class='ocr_par' dir='ltr' id='par_1_15' title="bbox 96 1698 856 2012">
     <span class='ocr_line' id='line_1_36' title="bbox 135 1698 853 1738; baseline 0.003 -11"><span class='ocrx_word' id='word_1_231' title='bbox 135 1700 298 1734; x_wconf 70' lang='lat' dir='ltr'>GBS-994·</span> <span class='ocrx_word' id='word_1_232' title='bbox 319 1699 448 1736; x_wconf 82' lang='lat' dir='ltr'>Juvenis</span> <span class='ocrx_word' id='word_1_233' title='bbox 469 1699 598 1738; x_wconf 80' lang='lat' dir='ltr'>triginta</span> <span class='ocrx_word' id='word_1_234' title='bbox 618 1698 853 1736; x_wconf 83' lang='lat' dir='ltr'>annorumjam-</span> 
     </span>
     <span class='ocr_line' id='line_1_37' title="bbox 97 1737 852 1777; baseline 0.001 -9"><span class='ocrx_word' id='word_1_235' title='bbox 97 1737 212 1768; x_wconf 78' lang='lat' dir='ltr'>dudum</span> <span class='ocrx_word' id='word_1_236' title='bbox 244 1742 422 1769; x_wconf 61' lang='lat' dir='ltr'>rachemcus</span> <span class='ocrx_word' id='word_1_237' title='bbox 446 1738 482 1769; x_wconf 73' lang='lat' dir='ltr'>de</span> <span class='ocrx_word' id='word_1_238' title='bbox 508 1743 644 1777; x_wconf 77' lang='lat' dir='ltr'>spirandi</span> <span class='ocrx_word' id='word_1_239' title='bbox 674 1740 852 1777; x_wconf 68' lang='lat' dir='ltr'>difficultate</span> 
     </span>
     <span class='ocr_line' id='line_1_38' title="bbox 97 1776 854 1817; baseline 0.003 -11"><span class='ocrx_word' id='word_1_240' title='bbox 97 1776 287 1813; x_wconf 81' lang='lat' dir='ltr'>querebatur</span> <span class='ocrx_word' id='word_1_241' title='bbox 307 1788 376 1808; x_wconf 86' lang='lat' dir='ltr'>cum</span> <span class='ocrx_word' id='word_1_242' title='bbox 401 1779 520 1816; x_wconf 73' lang='lat' dir='ltr'>ingruit</span> <span class='ocrx_word' id='word_1_243' title='bbox 542 1779 636 1817; x_wconf 71' lang='lat' dir='ltr'>febris</span> <span class='ocrx_word' id='word_1_244' title='bbox 666 1782 750 1809; x_wconf 73' lang='lat' dir='ltr'>lenta</span> <span class='ocrx_word' id='word_1_245' title='bbox 775 1782 854 1816; x_wconf 76' lang='lat' dir='ltr'>hypo-</span> 
     </span>
     <span class='ocr_line' id='line_1_39' title="bbox 97 1815 856 1857; baseline 0.001 -10"><span class='ocrx_word' id='word_1_246' title='bbox 97 1815 251 1847; x_wconf 69' lang='lat' dir='ltr'>chondriis</span> <span class='ocrx_word' id='word_1_247' title='bbox 274 1821 457 1849; x_wconf 69' lang='lat' dir='ltr'>tumentibus</span> <span class='ocrx_word' id='word_1_248' title='bbox 478 1818 514 1850; x_wconf 72' lang='grc' dir='ltr'>ὃ(</span> <span class='ocrx_word' id='word_1_249' title='bbox 533 1820 745 1857; x_wconf 80' lang='lat' dir='ltr'>inappetentia</span> <span class='ocrx_word' id='word_1_250' title='bbox 768 1819 856 1857; x_wconf 83' lang='lat' dir='ltr'>stipa-</span> 
     </span>
     <span class='ocr_line' id='line_1_40' title="bbox 96 1857 855 1895; baseline 0.003 -8"><span class='ocrx_word' id='word_1_251' title='bbox 96 1864 127 1887; x_wconf 82' lang='lat' dir='ltr'>ta</span> <span class='ocrx_word' id='word_1_252' title='bbox 141 1879 151 1887; x_wconf 85' lang='lat'><strong>.</strong></span> <span class='ocrx_word' id='word_1_253' title='bbox 171 1857 253 1889; x_wconf 74' lang='lat' dir='ltr'>Dein</span> <span class='ocrx_word' id='word_1_254' title='bbox 280 1867 370 1895; x_wconf 85' lang='lat' dir='ltr'>urget</span> <span class='ocrx_word' id='word_1_255' title='bbox 382 1857 579 1895; x_wconf 64' lang='lat' dir='ltr'>tinnientia,</span> <span class='ocrx_word' id='word_1_256' title='bbox 601 1858 636 1890; x_wconf 89' lang='lat'>&amp;</span> <span class='ocrx_word' id='word_1_257' title='bbox 655 1858 776 1890; x_wconf 79' lang='lat' dir='ltr'>accedit</span> <span class='ocrx_word' id='word_1_258' title='bbox 787 1869 855 1889; x_wconf 84' lang='lat' dir='ltr'>cor-</span> 
     </span>
     <span class='ocr_line' id='line_1_41' title="bbox 98 1894 853 1936; baseline 0.003 -10"><span class='ocrx_word' id='word_1_259' title='bbox 98 1898 182 1934; x_wconf 81' lang='lat' dir='ltr'>poris</span> <span class='ocrx_word' id='word_1_260' title='bbox 212 1894 355 1934; x_wconf 83' lang='lat' dir='ltr'>segnities</span> <span class='ocrx_word' id='word_1_261' title='bbox 387 1909 459 1936; x_wconf 87' lang='lat' dir='ltr'>cum</span> <span class='ocrx_word' id='word_1_262' title='bbox 488 1909 613 1930; x_wconf 68' lang='lat' dir='ltr'>artuum</span> <span class='ocrx_word' id='word_1_263' title='bbox 634 1909 743 1936; x_wconf 73' lang='lat' dir='ltr'>torpore</span> <span class='ocrx_word' id='word_1_264' title='bbox 763 1921 770 1929; x_wconf 91' lang='lat'>.</span> <span class='ocrx_word' id='word_1_265' title='bbox 802 1901 853 1929; x_wconf 83' lang='lat' dir='ltr'>Po.</span> 
     </span>
     <span class='ocr_line' id='line_1_42' title="bbox 100 1936 855 1978; baseline 0.003 -12"><span class='ocrx_word' id='word_1_266' title='bbox 100 1936 208 1966; x_wconf 71' lang='lat' dir='ltr'>themo</span> <span class='ocrx_word' id='word_1_267' title='bbox 229 1937 418 1968; x_wconf 82' lang='lat' dir='ltr'>oedematosa</span> <span class='ocrx_word' id='word_1_268' title='bbox 449 1936 527 1970; x_wconf 77' lang='lat' dir='ltr'>fiunt</span> <span class='ocrx_word' id='word_1_269' title='bbox 547 1948 660 1978; x_wconf 81' lang='lat' dir='ltr'>crura;</span> <span class='ocrx_word' id='word_1_270' title='bbox 691 1949 777 1970; x_wconf 84' lang='lat' dir='ltr'>mens</span> <span class='ocrx_word' id='word_1_271' title='bbox 802 1937 855 1969; x_wconf 84' lang='lat' dir='ltr'>ob-</span> 
     </span>
     <span class='ocr_line' id='line_1_43' title="bbox 97 1976 449 2012; baseline 0.003 -6"><span class='ocrx_word' id='word_1_272' title='bbox 97 1976 273 2012; x_wconf 81' lang='lat' dir='ltr'>nubilatur,</span> <span class='ocrx_word' id='word_1_273' title='bbox 296 1977 330 2009; x_wconf 87' lang='lat'>&amp;</span> <span class='ocrx_word' id='word_1_274' title='bbox 354 1978 449 2009; x_wconf 85' lang='lat' dir='ltr'>obiit.</span> 
     </span>
    </p>

    <p class='ocr_par' dir='ltr' id='par_1_16' title="bbox 97 2017 856 2252">
     <span class='ocr_line' id='line_1_44' title="bbox 139 2017 854 2057; baseline 0.008 -13"><span class='ocrx_word' id='word_1_275' title='bbox 139 2018 247 2057; x_wconf 71' lang='lat' dir='ltr'>Hepar</span> <span class='ocrx_word' id='word_1_276' title='bbox 267 2017 345 2047; x_wconf 84' lang='lat' dir='ltr'>mole</span> <span class='ocrx_word' id='word_1_277' title='bbox 367 2019 462 2056; x_wconf 83' lang='lat' dir='ltr'>majus</span> <span class='ocrx_word' id='word_1_278' title='bbox 479 2039 488 2054; x_wconf 90' lang='lat'><em>‚</em></span> <span class='ocrx_word' id='word_1_279' title='bbox 517 2018 642 2050; x_wconf 86' lang='lat' dir='ltr'>decolor</span> <span class='ocrx_word' id='word_1_280' title='bbox 671 2018 706 2051; x_wconf 74' lang='grc' dir='ltr'>ὅ(</span> <span class='ocrx_word' id='word_1_281' title='bbox 729 2018 854 2057; x_wconf 86' lang='lat' dir='ltr'>grandis</span> 
     </span>
     <span class='ocr_line' id='line_1_45' title="bbox 97 2057 855 2092; baseline 0.004 -6"><span class='ocrx_word' id='word_1_282' title='bbox 97 2057 308 2092; x_wconf 82' lang='lat' dir='ltr'>exalperatum</span> <span class='ocrx_word' id='word_1_283' title='bbox 329 2059 468 2090; x_wconf 79' lang='lat' dir='ltr'>occurrit</span> <span class='ocrx_word' id='word_1_284' title='bbox 486 2081 493 2089; x_wconf 91' lang='lat'>.</span> <span class='ocrx_word' id='word_1_285' title='bbox 526 2061 605 2091; x_wconf 81' lang='lat' dir='ltr'>Lien</span> <span class='ocrx_word' id='word_1_286' title='bbox 631 2069 701 2090; x_wconf 87' lang='lat' dir='ltr'>vero</span> <span class='ocrx_word' id='word_1_287' title='bbox 731 2066 855 2089; x_wconf 78' lang='lat' dir='ltr'>contra-</span> 
     </span>
     <span class='ocr_line' id='line_1_46' title="bbox 98 2095 856 2141; baseline 0.007 -16"><span class='ocrx_word' id='word_1_288' title='bbox 98 2095 183 2141; x_wconf 49' lang='lat' dir='ltr'>itur,</span> <span class='ocrx_word' id='word_1_289' title='bbox 214 2095 311 2128; x_wconf 82' lang='lat' dir='ltr'>dutus</span> <span class='ocrx_word' id='word_1_290' title='bbox 332 2095 366 2129; x_wconf 85' lang='lat'>&amp;</span> <span class='ocrx_word' id='word_1_291' title='bbox 389 2098 471 2136; x_wconf 76' lang='lat' dir='ltr'>quasi</span> <span class='ocrx_word' id='word_1_292' title='bbox 496 2099 635 2138; x_wconf 83' lang='lat' dir='ltr'>lapideus</span> <span class='ocrx_word' id='word_1_293' title='bbox 657 2108 826 2130; x_wconf 84' lang='lat' dir='ltr'>annotatur</span> <span class='ocrx_word' id='word_1_294' title='bbox 848 2121 856 2130; x_wconf 92' lang='lat'><strong><em>.</em></strong></span> 
     </span>
     <span class='ocr_line' id='line_1_47' title="bbox 97 2134 855 2181; baseline 0.008 -18"><span class='ocrx_word' id='word_1_295' title='bbox 97 2134 254 2181; x_wconf 64' lang='lat' dir='ltr'>Epiploun</span> <span class='ocrx_word' id='word_1_296' title='bbox 278 2136 542 2176; x_wconf 74' lang='lat' dir='ltr'>semi-putridum</span> <span class='ocrx_word' id='word_1_297' title='bbox 567 2139 766 2171; x_wconf 77' lang='lat' dir='ltr'>vicinioribus</span> <span class='ocrx_word' id='word_1_298' title='bbox 787 2149 855 2177; x_wconf 84' lang='lat' dir='ltr'>par-</span> 
     </span>
     <span class='ocr_line' id='line_1_48' title="bbox 97 2175 855 2217; baseline 0.007 -12"><span class='ocrx_word' id='word_1_299' title='bbox 97 2175 181 2206; x_wconf 84' lang='lat' dir='ltr'>tibus</span> <span class='ocrx_word' id='word_1_300' title='bbox 205 2175 359 2215; x_wconf 81' lang='lat' dir='ltr'>haerebat3</span> <span class='ocrx_word' id='word_1_301' title='bbox 381 2189 435 2209; x_wconf 86' lang='lat' dir='ltr'>nec</span> <span class='ocrx_word' id='word_1_302' title='bbox 452 2179 582 2210; x_wconf 85' lang='lat' dir='ltr'>il-laesum</span> <span class='ocrx_word' id='word_1_303' title='bbox 595 2179 757 2210; x_wconf 84' lang='lat' dir='ltr'>videbatur</span> <span class='ocrx_word' id='word_1_304' title='bbox 779 2189 855 2217; x_wconf 82' lang='lat' dir='ltr'>pan-</span> 
     </span>
     <span class='ocr_line' id='line_1_49' title="bbox 98 2217 800 2252; baseline 0.007 -6"><span class='ocrx_word' id='word_1_305' title='bbox 98 2224 204 2246; x_wconf 75' lang='lat' dir='ltr'>creas-</span> <span class='ocrx_word' id='word_1_306' title='bbox 225 2217 250 2247; x_wconf 88' lang='lat' dir='ltr'>E</span> <span class='ocrx_word' id='word_1_307' title='bbox 274 2218 454 2251; x_wconf 83' lang='lat' dir='ltr'>NOSTRIS</span> <span class='ocrx_word' id='word_1_308' title='bbox 479 2221 800 2252; x_wconf 80' lang='lat' dir='ltr'>ADVERSARHS.</span> 
     </span>
    </p>
   </div>
   <div class='ocr_carea' id='block_1_13' title="bbox 134 2297 854 2342">
    <p class='ocr_par' dir='ltr' id='par_1_17' title="bbox 134 2297 854 2342">
     <span class='ocr_line' id='line_1_50' title="bbox 134 2297 854 2342; baseline 0.007 -14"><span class='ocrx_word' id='word_1_309' title='bbox 134 2297 221 2329; x_wconf 78' lang='lat'><em>0138,</em></span> <span class='ocrx_word' id='word_1_310' title='bbox 242 2307 311 2335; x_wconf 85' lang='lat'>995·</span> <span class='ocrx_word' id='word_1_311' title='bbox 342 2300 486 2332; x_wconf 73' lang='lat' dir='ltr'>Foemina</span> <span class='ocrx_word' id='word_1_312' title='bbox 512 2301 630 2340; x_wconf 76' lang='lat' dir='ltr'>juvenis</span> <span class='ocrx_word' id='word_1_313' title='bbox 650 2321 662 2339; x_wconf 83' lang='lat'>,</span> <span class='ocrx_word' id='word_1_314' title='bbox 687 2303 854 2342; x_wconf 64' lang='lat' dir='ltr'>plenilunio·</span> 
     </span>
    </p>
   </div>
   <div class='ocr_carea' id='block_1_14' title="bbox 905 941 1672 1329">
    <p class='ocr_par' dir='ltr' id='par_1_18' title="bbox 905 941 1671 1099">
     <span class='ocr_line' id='line_1_51' title="bbox 907 941 1669 982; baseline -0.007 -8"><span class='ocrx_word' id='word_1_315' title='bbox 907 953 1049 982; x_wconf 72' lang='lat' dir='ltr'>tempore,</span> <span class='ocrx_word' id='word_1_316' title='bbox 1071 941 1246 982; x_wconf 70' lang='lat' dir='ltr'>gravissimo</span> <span class='ocrx_word' id='word_1_317' title='bbox 1268 945 1360 973; x_wconf 78' lang='lat' dir='ltr'>dolore</span> <span class='ocrx_word' id='word_1_318' title='bbox 1384 945 1414 972; x_wconf 77' lang='lat' dir='ltr'>in</span> <span class='ocrx_word' id='word_1_319' title='bbox 1442 944 1552 980; x_wconf 75' lang='lat' dir='ltr'>sinistro</span> <span class='ocrx_word' id='word_1_320' title='bbox 1574 943 1669 970; x_wconf 75' lang='lat' dir='ltr'>laten</span> 
     </span>
     <span class='ocr_line' id='line_1_52' title="bbox 905 981 1668 1020; baseline -0.005 -6"><span class='ocrx_word' id='word_1_321' title='bbox 905 983 943 1014; x_wconf 86' lang='lat' dir='ltr'>ad</span> <span class='ocrx_word' id='word_1_322' title='bbox 966 982 1102 1014; x_wconf 87' lang='lat' dir='ltr'>triduum</span> <span class='ocrx_word' id='word_1_323' title='bbox 1124 982 1220 1020; x_wconf 83' lang='lat' dir='ltr'>usque</span> <span class='ocrx_word' id='word_1_324' title='bbox 1249 981 1449 1020; x_wconf 83' lang='lat' dir='ltr'>affligebatur</span> <span class='ocrx_word' id='word_1_325' title='bbox 1473 990 1482 1019; x_wconf 76' lang='lat'><em>3</em></span> <span class='ocrx_word' id='word_1_326' title='bbox 1515 991 1575 1017; x_wconf 83' lang='lat' dir='ltr'>quo</span> <span class='ocrx_word' id='word_1_327' title='bbox 1597 990 1668 1011; x_wconf 87' lang='lat' dir='ltr'>exa-</span> 
     </span>
     <span class='ocr_line' id='line_1_53' title="bbox 906 1019 1671 1060; baseline -0.007 -6"><span class='ocrx_word' id='word_1_328' title='bbox 906 1024 954 1055; x_wconf 62' lang='lat'>610</span> <span class='ocrx_word' id='word_1_329' title='bbox 977 1023 1064 1053; x_wconf 90' lang='lat' dir='ltr'>dolor</span> <span class='ocrx_word' id='word_1_330' title='bbox 1086 1034 1123 1054; x_wconf 90' lang='lat' dir='ltr'>eo</span> <span class='ocrx_word' id='word_1_331' title='bbox 1146 1026 1240 1060; x_wconf 82' lang='lat' dir='ltr'>uique</span> <span class='ocrx_word' id='word_1_332' title='bbox 1263 1021 1463 1056; x_wconf 85' lang='lat' dir='ltr'>remittebat,</span> <span class='ocrx_word' id='word_1_333' title='bbox 1493 1019 1592 1051; x_wconf 84' lang='lat' dir='ltr'>donec</span> <span class='ocrx_word' id='word_1_334' title='bbox 1617 1030 1671 1050; x_wconf 72' lang='lat' dir='ltr'>iio-</span> 
     </span>
     <span class='ocr_line' id='line_1_54' title="bbox 906 1061 1506 1099; baseline -0.003 -7"><span class='ocrx_word' id='word_1_335' title='bbox 906 1073 978 1092; x_wconf 86' lang='lat' dir='ltr'>vum</span> <span class='ocrx_word' id='word_1_336' title='bbox 1000 1063 1166 1099; x_wconf 79' lang='lat' dir='ltr'>plenilunii</span> <span class='ocrx_word' id='word_1_337' title='bbox 1191 1061 1337 1098; x_wconf 61' lang='lat' dir='ltr'>punctum</span> <span class='ocrx_word' id='word_1_338' title='bbox 1363 1062 1506 1090; x_wconf 78' lang='lat' dir='ltr'>instaret.</span> 
     </span>
    </p>

    <p class='ocr_par' dir='ltr' id='par_1_19' title="bbox 905 1099 1672 1329">
     <span class='ocr_line' id='line_1_55' title="bbox 945 1099 1669 1135; baseline -0.004 -5"><span class='ocrx_word' id='word_1_339' title='bbox 945 1103 978 1130; x_wconf 83' lang='lat' dir='ltr'>In</span> <span class='ocrx_word' id='word_1_340' title='bbox 1003 1110 1136 1130; x_wconf 84' lang='lat' dir='ltr'>mortuae</span> <span class='ocrx_word' id='word_1_341' title='bbox 1167 1100 1317 1129; x_wconf 83' lang='lat' dir='ltr'>cadavere</span> <span class='ocrx_word' id='word_1_342' title='bbox 1349 1099 1560 1135; x_wconf 76' lang='lat' dir='ltr'>reperiebatur</span> <span class='ocrx_word' id='word_1_343' title='bbox 1593 1099 1669 1133; x_wconf 78' lang='lat' dir='ltr'>lapis</span> 
     </span>
     <span class='ocr_line' id='line_1_56' title="bbox 905 1137 1668 1176; baseline -0.001 -8"><span class='ocrx_word' id='word_1_344' title='bbox 905 1141 935 1170; x_wconf 84' lang='lat' dir='ltr'>in</span> <span class='ocrx_word' id='word_1_345' title='bbox 960 1139 1061 1176; x_wconf 79' lang='lat' dir='ltr'>liene,</span> <span class='ocrx_word' id='word_1_346' title='bbox 1085 1138 1235 1168; x_wconf 82' lang='lat' dir='ltr'>castaneae</span> <span class='ocrx_word' id='word_1_347' title='bbox 1259 1137 1492 1173; x_wconf 79' lang='lat' dir='ltr'>magnitudine,</span> <span class='ocrx_word' id='word_1_348' title='bbox 1524 1137 1668 1167; x_wconf 79' lang='lat' dir='ltr'>alabastri</span> 
     </span>
     <span class='ocr_line' id='line_1_57' title="bbox 905 1176 1669 1214; baseline -0.003 -6"><span class='ocrx_word' id='word_1_349' title='bbox 905 1178 1059 1208; x_wconf 78' lang='lat' dir='ltr'>mollitie,-</span> <span class='ocrx_word' id='word_1_350' title='bbox 1082 1176 1280 1214; x_wconf 76' lang='lat' dir='ltr'>subalbidu33</span> <span class='ocrx_word' id='word_1_351' title='bbox 1305 1177 1447 1210; x_wconf 79' lang='lat' dir='ltr'>laminis,</span> <span class='ocrx_word' id='word_1_352' title='bbox 1468 1187 1600 1207; x_wconf 88' lang='lat' dir='ltr'>ovorum</span> <span class='ocrx_word' id='word_1_353' title='bbox 1614 1186 1669 1214; x_wconf 89' lang='lat' dir='ltr'>pu-</span> 
     </span>
     <span class='ocr_line' id='line_1_58' title="bbox 906 1215 1671 1250; baseline -0.008 -1"><span class='ocrx_word' id='word_1_354' title='bbox 906 1216 1070 1249; x_wconf 82' lang='lat' dir='ltr'>taminibus</span> <span class='ocrx_word' id='word_1_355' title='bbox 1093 1218 1223 1249; x_wconf 81' lang='lat' dir='ltr'>invicem</span> <span class='ocrx_word' id='word_1_356' title='bbox 1245 1216 1403 1248; x_wconf 81' lang='lat' dir='ltr'>crustatim</span> <span class='ocrx_word' id='word_1_357' title='bbox 1428 1216 1600 1250; x_wconf 79' lang='lat' dir='ltr'>involutis.</span> <span class='ocrx_word' id='word_1_358' title='bbox 1636 1215 1671 1245; x_wconf 70' lang='lat' dir='ltr'>si,</span> 
     </span>
     <span class='ocr_line' id='line_1_59' title="bbox 905 1255 1672 1294; baseline -0.008 -6"><span class='ocrx_word' id='word_1_359' title='bbox 905 1257 1030 1288; x_wconf 87' lang='lat' dir='ltr'>milibus</span> <span class='ocrx_word' id='word_1_360' title='bbox 1048 1277 1058 1292; x_wconf 91' lang='lat'>,</span> <span class='ocrx_word' id='word_1_361' title='bbox 1087 1266 1251 1288; x_wconf 77' lang='lat' dir='ltr'>concretus</span> <span class='ocrx_word' id='word_1_362' title='bbox 1272 1278 1280 1291; x_wconf 92' lang='lat'>,</span> <span class='ocrx_word' id='word_1_363' title='bbox 1310 1255 1346 1286; x_wconf 89' lang='lat' dir='ltr'>ad</span> <span class='ocrx_word' id='word_1_364' title='bbox 1373 1257 1479 1287; x_wconf 82' lang='lat' dir='ltr'>uncias</span> <span class='ocrx_word' id='word_1_365' title='bbox 1511 1265 1574 1286; x_wconf 85' lang='lat' dir='ltr'>tres</span> <span class='ocrx_word' id='word_1_366' title='bbox 1597 1266 1672 1294; x_wconf 77' lang='lat' dir='ltr'>pon-</span> 
     </span>
     <span class='ocr_line' id='line_1_60' title="bbox 905 1297 1670 1329; baseline -0.001 -1"><span class='ocrx_word' id='word_1_367' title='bbox 905 1299 976 1328; x_wconf 83' lang='lat' dir='ltr'>dere</span> <span class='ocrx_word' id='word_1_368' title='bbox 998 1297 1166 1329; x_wconf 81' lang='lat' dir='ltr'>accedens.</span> <span class='ocrx_word' id='word_1_369' title='bbox 1201 1299 1225 1329; x_wconf 86' lang='lat' dir='ltr'>E</span> <span class='ocrx_word' id='word_1_370' title='bbox 1248 1298 1569 1329; x_wconf 80' lang='lat' dir='ltr'><strong>MISCELLANEIS</strong></span> <span class='ocrx_word' id='word_1_371' title='bbox 1592 1297 1670 1328; x_wconf 88' lang='lat' dir='ltr'>CU-</span> 
     </span>
    </p>
   </div>
   <div class='ocr_carea' id='block_1_15' title="bbox 905 1415 1672 1849">
    <p class='ocr_par' dir='ltr' id='par_1_20' title="bbox 905 1415 1672 1649">
     <span class='ocr_line' id='line_1_61' title="bbox 948 1415 1670 1456; baseline -0.004 -6"><span class='ocrx_word' id='word_1_372' title='bbox 948 1419 1033 1450; x_wconf 88' lang='lat' dir='ltr'>OBS.</span> <span class='ocrx_word' id='word_1_373' title='bbox 1064 1421 1134 1456; x_wconf 83' lang='lat'><strong>996.</strong></span> <span class='ocrx_word' id='word_1_374' title='bbox 1164 1416 1268 1450; x_wconf 85' lang='lat' dir='ltr'>Vidua</span> <span class='ocrx_word' id='word_1_375' title='bbox 1301 1424 1436 1455; x_wconf 88' lang='lat' dir='ltr'>quatuor</span> <span class='ocrx_word' id='word_1_376' title='bbox 1470 1416 1504 1448; x_wconf 70' lang='grc' dir='ltr'>ὃς</span> <span class='ocrx_word' id='word_1_377' title='bbox 1535 1415 1670 1454; x_wconf 83' lang='lat' dir='ltr'>quadra-</span> 
     </span>
     <span class='ocr_line' id='line_1_62' title="bbox 907 1456 1669 1497; baseline -0.003 -9"><span class='ocrx_word' id='word_1_378' title='bbox 907 1460 992 1497; x_wconf 83' lang='lat' dir='ltr'>ginta</span> <span class='ocrx_word' id='word_1_379' title='bbox 1013 1468 1165 1489; x_wconf 88' lang='lat' dir='ltr'>annorum</span> <span class='ocrx_word' id='word_1_380' title='bbox 1195 1460 1281 1496; x_wconf 85' lang='lat' dir='ltr'>gravi</span> <span class='ocrx_word' id='word_1_381' title='bbox 1305 1460 1398 1488; x_wconf 79' lang='lat' dir='ltr'>dolore</span> <span class='ocrx_word' id='word_1_382' title='bbox 1431 1459 1505 1495; x_wconf 69' lang='lat' dir='ltr'>dorsi</span> <span class='ocrx_word' id='word_1_383' title='bbox 1522 1477 1530 1492; x_wconf 88' lang='lat'>‚</span> <span class='ocrx_word' id='word_1_384' title='bbox 1561 1456 1595 1488; x_wconf 86' lang='lat'>&amp;</span> <span class='ocrx_word' id='word_1_385' title='bbox 1622 1456 1669 1487; x_wconf 77' lang='lat' dir='ltr'>fiti</span> 
     </span>
     <span class='ocr_line' id='line_1_63' title="bbox 906 1495 1671 1535; baseline -0.004 -5"><span class='ocrx_word' id='word_1_386' title='bbox 906 1500 1044 1534; x_wconf 82' lang='lat' dir='ltr'>immani,</span> <span class='ocrx_word' id='word_1_387' title='bbox 1086 1507 1217 1535; x_wconf 84' lang='lat' dir='ltr'>vexata,</span> <span class='ocrx_word' id='word_1_388' title='bbox 1249 1499 1349 1529; x_wconf 83' lang='lat' dir='ltr'>urinis</span> <span class='ocrx_word' id='word_1_389' title='bbox 1371 1496 1532 1535; x_wconf 85' lang='lat' dir='ltr'>suppreffis</span> <span class='ocrx_word' id='word_1_390' title='bbox 1564 1495 1598 1527; x_wconf 84' lang='lat' dir='ltr'>fit</span> <span class='ocrx_word' id='word_1_391' title='bbox 1620 1500 1671 1535; x_wconf 78' lang='lat' dir='ltr'>hy-</span> 
     </span>
     <span class='ocr_line' id='line_1_64' title="bbox 905 1536 1672 1577; baseline -0.004 -8"><span class='ocrx_word' id='word_1_392' title='bbox 905 1542 1040 1577; x_wconf 75' lang='lat' dir='ltr'>dropica.</span> <span class='ocrx_word' id='word_1_393' title='bbox 1075 1541 1218 1575; x_wconf 86' lang='lat' dir='ltr'>Natura,</span> <span class='ocrx_word' id='word_1_394' title='bbox 1241 1537 1352 1577; x_wconf 86' lang='lat' dir='ltr'>spretis</span> <span class='ocrx_word' id='word_1_395' title='bbox 1373 1537 1517 1569; x_wconf 75' lang='lat' dir='ltr'>omnibus</span> <span class='ocrx_word' id='word_1_396' title='bbox 1537 1536 1672 1568; x_wconf 80' lang='lat' dir='ltr'>medica.</span> 
     </span>
     <span class='ocr_line' id='line_1_65' title="bbox 907 1576 1670 1616; baseline -0.001 -7"><span class='ocrx_word' id='word_1_397' title='bbox 907 1580 1038 1614; x_wconf 86' lang='lat' dir='ltr'>mentis,</span> <span class='ocrx_word' id='word_1_398' title='bbox 1062 1579 1200 1610; x_wconf 86' lang='lat' dir='ltr'>debitum</span> <span class='ocrx_word' id='word_1_399' title='bbox 1222 1578 1308 1609; x_wconf 88' lang='lat' dir='ltr'>suum</span> <span class='ocrx_word' id='word_1_400' title='bbox 1334 1576 1532 1616; x_wconf 81' lang='lat' dir='ltr'>persolvens,</span> <span class='ocrx_word' id='word_1_401' title='bbox 1554 1586 1670 1615; x_wconf 61' lang='lat' dir='ltr'>aegram</span> 
     </span>
     <span class='ocr_line' id='line_1_66' title="bbox 907 1617 1389 1649; baseline 0 -1"><span class='ocrx_word' id='word_1_402' title='bbox 907 1619 1012 1649; x_wconf 91' lang='lat' dir='ltr'>cultro</span> <span class='ocrx_word' id='word_1_403' title='bbox 1035 1617 1175 1648; x_wconf 87' lang='lat' dir='ltr'>decernit</span> <span class='ocrx_word' id='word_1_404' title='bbox 1197 1619 1389 1648; x_wconf 87' lang='lat' dir='ltr'>anatomico.</span> 
     </span>
    </p>

    <p class='ocr_par' dir='ltr' id='par_1_21' title="bbox 906 1656 1668 1849">
     <span class='ocr_line' id='line_1_67' title="bbox 946 1656 1668 1694; baseline -0.003 -6"><span class='ocrx_word' id='word_1_405' title='bbox 946 1660 1065 1688; x_wconf 85' lang='lat' dir='ltr'>Praeter</span> <span class='ocrx_word' id='word_1_406' title='bbox 1086 1667 1176 1693; x_wconf 84' lang='lat' dir='ltr'>aquae</span> <span class='ocrx_word' id='word_1_407' title='bbox 1205 1660 1325 1694; x_wconf 82' lang='lat' dir='ltr'>copiam</span> <span class='ocrx_word' id='word_1_408' title='bbox 1356 1657 1415 1687; x_wconf 86' lang='lat' dir='ltr'>lien</span> <span class='ocrx_word' id='word_1_409' title='bbox 1447 1656 1530 1692; x_wconf 80' lang='lat' dir='ltr'>quasi</span> <span class='ocrx_word' id='word_1_410' title='bbox 1552 1664 1668 1687; x_wconf 89' lang='lat' dir='ltr'>convo-</span> 
     </span>
     <span class='ocr_line' id='line_1_68' title="bbox 906 1695 1668 1733; baseline -0.009 -5"><span class='ocrx_word' id='word_1_411' title='bbox 906 1698 1008 1732; x_wconf 80' lang='lat' dir='ltr'>lutus,</span> <span class='ocrx_word' id='word_1_412' title='bbox 1040 1695 1166 1726; x_wconf 84' lang='lat' dir='ltr'>calculis</span> <span class='ocrx_word' id='word_1_413' title='bbox 1187 1696 1297 1733; x_wconf 78' lang='lat' dir='ltr'>plenus</span> <span class='ocrx_word' id='word_1_414' title='bbox 1326 1695 1518 1732; x_wconf 87' lang='lat' dir='ltr'>conspicitur</span> <span class='ocrx_word' id='word_1_415' title='bbox 1542 1717 1548 1725; x_wconf 93' lang='lat'>.</span> <span class='ocrx_word' id='word_1_416' title='bbox 1582 1695 1668 1726; x_wconf 87' lang='lat' dir='ltr'>Insu.</span> 
     </span>
     <span class='ocr_line' id='line_1_69' title="bbox 906 1733 1668 1776; baseline -0.004 -7"><span class='ocrx_word' id='word_1_417' title='bbox 906 1747 963 1776; x_wconf 86' lang='lat' dir='ltr'>per</span> <span class='ocrx_word' id='word_1_418' title='bbox 987 1746 1040 1767; x_wconf 87' lang='lat' dir='ltr'>ren</span> <span class='ocrx_word' id='word_1_419' title='bbox 1061 1735 1172 1766; x_wconf 79' lang='lat' dir='ltr'>dexter</span> <span class='ocrx_word' id='word_1_420' title='bbox 1195 1735 1331 1772; x_wconf 78' lang='lat' dir='ltr'>lapidem</span> <span class='ocrx_word' id='word_1_421' title='bbox 1361 1733 1545 1765; x_wconf 86' lang='lat' dir='ltr'>recondebat</span> <span class='ocrx_word' id='word_1_422' title='bbox 1570 1743 1668 1766; x_wconf 84' lang='lat' dir='ltr'>totam</span> 
     </span>
     <span class='ocr_line' id='line_1_70' title="bbox 907 1774 1667 1815; baseline -0.001 -8"><span class='ocrx_word' id='word_1_423' title='bbox 907 1777 1005 1815; x_wconf 81' lang='lat' dir='ltr'>pelvis</span> <span class='ocrx_word' id='word_1_424' title='bbox 1028 1777 1195 1806; x_wconf 81' lang='lat' dir='ltr'>cavitatem</span> <span class='ocrx_word' id='word_1_425' title='bbox 1220 1774 1419 1811; x_wconf 86' lang='lat' dir='ltr'>implentem.</span> <span class='ocrx_word' id='word_1_426' title='bbox 1443 1775 1468 1805; x_wconf 90' lang='lat' dir='ltr'><strong>E</strong></span> <span class='ocrx_word' id='word_1_427' title='bbox 1493 1775 1667 1807; x_wconf 82' lang='lat' dir='ltr'><strong>MISCEL-</strong></span> 
     </span>
     <span class='ocr_line' id='line_1_71' title="bbox 906 1817 1306 1849; baseline -0.008 1"><span class='ocrx_word' id='word_1_428' title='bbox 906 1818 1064 1849; x_wconf 82' lang='lat' dir='ltr'>LANElS</span> <span class='ocrx_word' id='word_1_429' title='bbox 1092 1817 1306 1847; x_wconf 82' lang='lat' dir='ltr'>CURIOSIS.</span> 
     </span>
    </p>
   </div>
   <div class='ocr_carea' id='block_1_16' title="bbox 907 1894 1676 2216">
    <p class='ocr_par' dir='ltr' id='par_1_22' title="bbox 907 1894 1671 2051">
     <span class='ocr_line' id='line_1_72' title="bbox 948 1894 1670 1934; baseline -0.004 -5"><span class='ocrx_word' id='word_1_430' title='bbox 948 1899 1032 1929; x_wconf 82' lang='lat' dir='ltr'><strong>OBS.</strong></span> <span class='ocrx_word' id='word_1_431' title='bbox 1064 1907 1132 1933; x_wconf 89' lang='lat'>997·</span> <span class='ocrx_word' id='word_1_432' title='bbox 1164 1896 1294 1934; x_wconf 69' lang='lat' dir='ltr'>juvenis</span> <span class='ocrx_word' id='word_1_433' title='bbox 1324 1903 1395 1927; x_wconf 83' lang='lat' dir='ltr'>cum</span> <span class='ocrx_word' id='word_1_434' title='bbox 1426 1894 1479 1927; x_wconf 88' lang='lat' dir='ltr'>diu</span> <span class='ocrx_word' id='word_1_435' title='bbox 1511 1897 1670 1931; x_wconf 72' lang='lat' dir='ltr'>anasarcu</span> 
     </span>
     <span class='ocr_line' id='line_1_73' title="bbox 909 1935 1671 1973; baseline -0.008 -5"><span class='ocrx_word' id='word_1_436' title='bbox 909 1936 1089 1971; x_wconf 64' lang='lat' dir='ltr'>laborasset,</span> <span class='ocrx_word' id='word_1_437' title='bbox 1122 1935 1222 1966; x_wconf 85' lang='lat' dir='ltr'>subito</span> <span class='ocrx_word' id='word_1_438' title='bbox 1242 1936 1354 1968; x_wconf 85' lang='lat' dir='ltr'>incidit</span> <span class='ocrx_word' id='word_1_439' title='bbox 1382 1937 1411 1965; x_wconf 88' lang='lat' dir='ltr'>in</span> <span class='ocrx_word' id='word_1_440' title='bbox 1435 1939 1555 1967; x_wconf 69' lang='lat' dir='ltr'>ift&#39;erum</span> <span class='ocrx_word' id='word_1_441' title='bbox 1577 1944 1586 1973; x_wconf 81' lang='lat'>3</span> <span class='ocrx_word' id='word_1_442' title='bbox 1618 1935 1671 1966; x_wconf 51' lang='lat' dir='ltr'>dea</span> 
     </span>
     <span class='ocr_line' id='line_1_74' title="bbox 908 1974 1670 2014; baseline -0.005 -5"><span class='ocrx_word' id='word_1_443' title='bbox 908 1977 981 2009; x_wconf 91' lang='lat' dir='ltr'>inde</span> <span class='ocrx_word' id='word_1_444' title='bbox 1002 1979 1034 2007; x_wconf 85' lang='lat' dir='ltr'>in</span> <span class='ocrx_word' id='word_1_445' title='bbox 1058 1978 1304 2014; x_wconf 68' lang='lat' dir='ltr'>haemorrhagian}</span> <span class='ocrx_word' id='word_1_446' title='bbox 1326 1980 1471 2014; x_wconf 81' lang='lat' dir='ltr'>narium3</span> <span class='ocrx_word' id='word_1_447' title='bbox 1495 1974 1592 2014; x_wconf 88' lang='lat' dir='ltr'>postea</span> <span class='ocrx_word' id='word_1_448' title='bbox 1619 1985 1670 2006; x_wconf 79' lang='lat' dir='ltr'>ve-</span> 
     </span>
     <span class='ocr_line' id='line_1_75' title="bbox 907 2016 1390 2051; baseline -0.008 -1"><span class='ocrx_word' id='word_1_449' title='bbox 907 2029 943 2051; x_wconf 79' lang='lat' dir='ltr'>ro</span> <span class='ocrx_word' id='word_1_450' title='bbox 966 2020 996 2047; x_wconf 87' lang='lat' dir='ltr'>in</span> <span class='ocrx_word' id='word_1_451' title='bbox 1021 2016 1213 2048; x_wconf 82' lang='lat' dir='ltr'>subitaneam</span> <span class='ocrx_word' id='word_1_452' title='bbox 1242 2025 1390 2047; x_wconf 86' lang='lat' dir='ltr'>mortem.</span> 
     </span>
    </p>

    <p class='ocr_par' dir='ltr' id='par_1_23' title="bbox 907 2054 1676 2216">
     <span class='ocr_line' id='line_1_76' title="bbox 948 2054 1676 2096; baseline -0.008 -6"><span class='ocrx_word' id='word_1_453' title='bbox 948 2056 1086 2096; x_wconf 68' lang='lat' dir='ltr'>Inspedo</span> <span class='ocrx_word' id='word_1_454' title='bbox 1115 2066 1247 2094; x_wconf 88' lang='lat' dir='ltr'>corpore</span> <span class='ocrx_word' id='word_1_455' title='bbox 1269 2057 1419 2095; x_wconf 87' lang='lat' dir='ltr'>apparuit</span> <span class='ocrx_word' id='word_1_456' title='bbox 1451 2055 1545 2094; x_wconf 85' lang='lat' dir='ltr'>hepar</span> <span class='ocrx_word' id='word_1_457' title='bbox 1574 2054 1676 2087; x_wconf 39' lang='lat' dir='ltr'>subal-v</span> 
     </span>
     <span class='ocr_line' id='line_1_77' title="bbox 908 2095 1668 2136; baseline -0.005 -7"><span class='ocrx_word' id='word_1_458' title='bbox 908 2099 1034 2136; x_wconf 90' lang='lat' dir='ltr'>bidum‚</span> <span class='ocrx_word' id='word_1_459' title='bbox 1058 2108 1093 2127; x_wconf 86' lang='lat' dir='ltr'>ac</span> <span class='ocrx_word' id='word_1_460' title='bbox 1114 2095 1277 2128; x_wconf 69' lang='lat' dir='ltr'>abscessum</span> <span class='ocrx_word' id='word_1_461' title='bbox 1299 2098 1460 2135; x_wconf 84' lang='lat' dir='ltr'>ingentem</span> <span class='ocrx_word' id='word_1_462' title='bbox 1479 2095 1668 2127; x_wconf 61' lang='lat' dir='ltr'>recondet-29.</span> 
     </span>
     <span class='ocr_line' id='line_1_78' title="bbox 907 2136 1668 2176; baseline -0.003 -8"><span class='ocrx_word' id='word_1_463' title='bbox 907 2141 986 2171; x_wconf 84' lang='lat' dir='ltr'>Lien</span> <span class='ocrx_word' id='word_1_464' title='bbox 1017 2136 1209 2176; x_wconf 87' lang='lat' dir='ltr'>conspicitur</span> <span class='ocrx_word' id='word_1_465' title='bbox 1241 2137 1334 2176; x_wconf 86' lang='lat' dir='ltr'>supra</span> <span class='ocrx_word' id='word_1_466' title='bbox 1358 2136 1478 2168; x_wconf 85' lang='lat' dir='ltr'>modurn</span> <span class='ocrx_word' id='word_1_467' title='bbox 1509 2145 1638 2174; x_wconf 81' lang='lat' dir='ltr'>magnus</span> <span class='ocrx_word' id='word_1_468' title='bbox 1657 2155 1668 2171; x_wconf 87' lang='lat'>‚</span> 
     </span>
     <span class='ocr_line' id='line_1_79' title="bbox 907 2174 1671 2216; baseline -0.005 -5"><span class='ocrx_word' id='word_1_469' title='bbox 907 2179 941 2211; x_wconf 90' lang='lat'>&amp;</span> <span class='ocrx_word' id='word_1_470' title='bbox 975 2178 1090 2216; x_wconf 87' lang='lat' dir='ltr'>lapillis</span> <span class='ocrx_word' id='word_1_471' title='bbox 1119 2174 1274 2210; x_wconf 79' lang='lat' dir='ltr'>aibiffimis</span> <span class='ocrx_word' id='word_1_472' title='bbox 1302 2175 1437 2209; x_wconf 78' lang='lat' dir='ltr'>refertus</span> <span class='ocrx_word' id='word_1_473' title='bbox 1462 2198 1472 2210; x_wconf 83' lang='lat'><em>.</em></span> <span class='ocrx_word' id='word_1_474' title='bbox 1501 2177 1671 2209; x_wconf 74' lang='lat' dir='ltr'>FONTA=</span> 
     </span>
    </p>
   </div>
   <div class='ocr_carea' id='block_1_17' title="bbox 947 2298 1673 2338">
    <p class='ocr_par' dir='ltr' id='par_1_24' title="bbox 947 2298 1673 2338">
     <span class='ocr_line' id='line_1_80' title="bbox 947 2298 1673 2338; baseline -0.004 -6"><span class='ocrx_word' id='word_1_475' title='bbox 947 2301 1032 2333; x_wconf 72' lang='lat'>0135.</span> <span class='ocrx_word' id='word_1_476' title='bbox 1059 2302 1128 2337; x_wconf 86' lang='lat'>998·</span> <span class='ocrx_word' id='word_1_477' title='bbox 1150 2301 1186 2332; x_wconf 85' lang='lat' dir='ltr'>In</span> <span class='ocrx_word' id='word_1_478' title='bbox 1210 2299 1444 2338; x_wconf 68' lang='lat' dir='ltr'>[corbutioorum</span> <span class='ocrx_word' id='word_1_479' title='bbox 1478 2298 1513 2334; x_wconf 73' lang='grc' dir='ltr'>ά·</span> <span class='ocrx_word' id='word_1_480' title='bbox 1539 2298 1673 2334; x_wconf 65' lang='lat' dir='ltr'>hypomn..</span> 
     </span>
    </p>
   </div>
   <div class='ocr_carea' id='block_1_18' title="bbox 1553 2337 1638 2364">
    <p class='ocr_par' dir='ltr' id='par_1_25' title="bbox 1553 2337 1638 2364">
     <span class='ocr_line' id='line_1_81' title="bbox 1553 2337 1638 2364; baseline -0.012 0"><span class='ocrx_word' id='word_1_481' title='bbox 1553 2337 1638 2364; x_wconf 48' lang='lat' dir='ltr'>aria*</span> 
     </span>
    </p>
   </div>
  </div>
 </body>
</html>
