1945 2615
319 92 372 128 η

256 155 342 189 Hinc
374 151 489 184 viribus
518 151 624 185 sentim
663 151 879 185 deficientibus
918 153 1024 184 extin-

82 208 236 238 VENTRI·
258 195 365 232 guitur
387 216 394 224 .

86 254 220 278 CPLUS.

299 233 458 266 Abdomen
479 243 558 271 aqua
587 232 709 264 turbida
740 233 893 272 repletum
915 244 1024 265 occur-

255 275 321 312 rit,
344 285 414 305 cum
436 284 561 304 omento
585 273 728 313 putrido.
753 274 961 306 Ventriculus
975 283 1024 303 ve-

255 325 290 346 ro
312 322 500 352 corrugatus
522 313 556 345 &
589 315 721 352 exiguus
743 313 989 352 deprehenditur
1014 333 1023 349 ‚

253 365 324 385 cum
356 354 458 385 ulcere
493 353 624 387 fistuloso
661 357 782 385 tunicas
815 352 993 393 perforante
1015 375 1023 384 .

254 395 544 427 SALMUTHUS.

292 478 456 511 0138125,
482 477 540 506 Vir
566 475 797 513 sexagenarius,
822 474 882 513 post
900 473 1022 506 febrem

255 519 420 548 tertianam
444 538 452 552 ‚
484 527 551 547 cum
579 517 669 545 lienis
692 523 812 544 tumore
842 514 876 546 ὃς
902 514 1024 553 hepatis

254 556 459 588 obstructione
484 555 644 588 remansit.
676 556 829 587 Recurrit
859 553 954 586 febris
976 566 1011 584 vo

254 603 332 628 mim
367 596 515 635 pituitoso
548 596 582 626 ὅ(
614 594 852 632 pertinacissimo
883 595 1022 633 stipata·,

257 648 317 675 qua
351 636 473 668 tandem
504 634 664 667 confectus
690 635 785 666 vitam
818 646 888 667 cum
923 643 1022 668 morte

255 679 485 708 commutavit.

296 721 330 750 In
347 719 406 748 ima
431 714 593 746 ventriculi
629 715 757 753 regione
779 737 789 752 ‚
818 717 903 754 juxta
936 716 1023 754 pylo-

256 768 324 790 rum
346 779 355 793 ‚
388 758 492 787 tunica
524 757 659 786 interior
682 755 767 786 exesa
800 755 1023 789 animadverti-

257 807 329 830 ειη.
352 799 497 829 MARC.
523 798 753 830 DONATUS.

297 881 382 911 OBS.
415 885 480 909 126.
509 877 642 922 Quidam
675 881 808 909 vomebat
847 877 937 909 bilem
969 876 1025 908 fla-

260 929 327 952 vam
342 940 350 954 ,
372 929 441 949 cum
467 929 562 949 tantis
584 921 715 949 ruff-*bus
739 928 772 949 ut
793 919 830 950 de
848 917 1025 950 suffocatio-

259 969 297 990 ne
317 967 417 990 metus
438 956 529 990 esset.
560 962 593 990 In
627 960 743 989 mortui
766 959 917 991 cadavere
939 968 1026 996 repe-

258 1001 386 1032 riuntur
411 999 470 1029 duo
496 999 599 1030 uchra
622 999 651 1028 in
677 999 845 1039 ssomacho3
879 1010 948 1031 cum
973 999 1028 1028 lla-

258 1048 374 1079 gnante
391 1039 512 1074 liquore
532 1041 699 1070 atramenti
721 1040 814 1071 instar
834 1042 940 1077 nigro.
963 1041 1029 1069 He-

260 1090 316 1118 par
337 1087 404 1108 erat
429 1088 570 1114 magnum
594 1078 766 1112 &durum,
790 1079 873 1115 quali
885 1078 1027 1114 tedium-,3

260 1129 296 1150 ac
324 1115 426 1156 paffim
461 1116 669 1154 syderatum‘,
697 1127 766 1148 cum
799 1118 880 1149 liene
911 1119 995 1155 putri
1019 1138 1026 1148 .

262 1159 467 1192 BONETUS
489 1179 497 1190 ι

304 1242 390 1271 OBS.
414 1249 480 1275 ¹²7-
503 1238 646 1277 Juvenis,
677 1248 747 1269 cum
768 1241 912 1271 convivio
935 1239 1032 1269 inter-

265 1279 389 1315 fuisl'et,
417 1280 522 1310 eadem
551 1278 637 1309 nocie
659 1282 750 1309 dolore
764 1281 908 1317 stomachi
928 1289 1033 1309 corre-

264 1330 337 1360 ptus
359 1318 440 1354 fuit,
471 1329 561 1356 quem
586 1317 684 1356 press'o
708 1318 786 1356 pede
819 1319 961 1356 sequitur
983 1332 1032 1348 το-

264 1366 376 1397 mitus,
399 1370 469 1390 cum
492 1361 657 1395 anorexi÷13
682 1358 794 1394 quibus
817 1360 902 1389 brevi
929 1360 1034 1395 ingra-

265 1400 478 1435 vescentibus,
509 1408 524 1428 e
548 1397 646 1427 medio
667 1398 809 1430 tollitur.

306 1442 455 1472 Occurrit
478 1438 564 1470 ulcus
596 1447 739 1476 magnum
773 1438 857 1475 juxta
880 1436 1032 1468 orificium

266 1482 406 1520 {uperius
437 1478 606 1509 tentriculi
630 1499 638 1514 ,
671 1480 725 1516 qui
758 1476 937 1509 humoribus
967 1489 1035 1508 cor-

269 1523 369 1560 ruptis
391 1540 399 1555 ,
430 1517 553 1551 foetidis
577 1517 612 1550 ὃς
635 1519 824 1551 atrabilariis
854 1517 1034 1550 defoedaba-

267 1573 338 1593 tur.
358 1561 574 1592 BONETUS.

306 1645 394 1675 OBS.
417 1644 483 1672 128.
506 1639 697 1672 Muliercula
724 1651 740 1671 a
761 1641 928 1679 propinato
950 1637 1036 1670 infu-

267 1684 298 1715 so
319 1681 466 1714 hellebori
491 1680 574 1717 albi,
598 1681 785 1712 creberrime
807 1684 962 1711 vomebat.
985 1682 1035 1712 Ac

268 1723 391 1756 tandem
415 1719 579 1753 horrendis
602 1723 718 1760 agitata
742 1724 1038 1760 conzulfionibusoc-

270 1764 399 1796 cubuit.

314 1797 521 1835 Ventriculus
543 1812 622 1838 aqua
646 1802 778 1840 plurima
801 1801 944 1840 turgebat
968 1810 977 1838 ς
1000 1799 1036 1832 &

272 1846 338 1881 eius
359 1841 456 1873 facies
480 1843 610 1873 interior
639 1841 760 1873 corrosa
787 1841 1038 1881 deprehendeba-

274 1895 325 1916 tur
349 1906 355 1914 .
388 1881 532 1914 Intestina
556 1892 645 1913 erant
669 1882 796 1913 flatibus
817 1883 946 1914 distenta
966 1895 975 1913 ‚-
1010 1892 1039 1911 o.

275 1932 411 1956 mentum
433 1932 618 1960 corruptum
639 1923 671 1954 &
700 1923 849 1953 laniatum
874 1932 883 1961 ·,
915 1921 1039 1953 thorax-

275 1974 335 2002 que
358 1974 435 2002 aqua
461 1962 616 2001 repletus.
640 1965 866 1995 PEYERUS.

315 2046 400 2076 oBs.
428 2055 490 2081 129.
514 2044 634 2076 Mulier
657 2049 767 2077 vomitu
803 2042 1042 2083 pertinacissimo

277 2083 476 2123 conflic‘lata',
499 2085 766 2123 atrocioribusque
786 2084 1043 2124 symptomatibus

251 2161 255 2163 ¹
279 2124 462 2164 nephriticis
484 2124 626 2156 divexata
641 2146 649 2161 ‚
669 2125 857 2157 cumdolore
879 2127 962 2156 circa
986 2134 1043 2163 pu-

279 2167 367 2203 bem,
390 2164 512 2195 tandem
534 2165 568 2194 ad
593 2166 697 2202 plures
720 2166 816 2198 abiit.

321 2205 532 2238 Ventriculus
555 2204 656 2242 pdffim
679 2215 745 2238 erat
766 2205 872 2238 exesus
893 2228 901 2243 ,
934 2204 969 2238 &
996 2215 1047 2243 pu<

282 2246 368 2278 stulis
390 2244 528 2276 obsitus.
559 2247 709 2277 Pancreas
741 2246 901 2285 putridum
924 2245 959 2278 ὅ(
982 2244 1046 2276 fere

280 2286 505 2324 absumptum‚·
537 2294 632 2322 atque
663 2295 769 2318 uterus
797 2286 912 2318 summe
933 2284 1047 2317 labefa-

284 2326 402 2359 ssatus.
425 2329 488 2359 Cor
509 2325 632 2358 demum
655 2327 793 2359 occurri-t
818 2325 985 2360 flaccidum
1009 2325 1046 2358 &

627 78 989 119 LAESIONES
1039 66 1467 128 ABDOMIN'IS,

1077 154 1186 186 inanes
1210 163 1281 184 cum
1305 152 1502 192 pulmonibus
1523 156 1698 192 corrugatis
1720 155 1755 189 ὃς
1781 157 1841 195 pig,

1079 204 1144 226 vrae
1165 195 1321 226 accretis.
1345 195 1370 225 E
1392 195 1553 226 DIARxo
1577 198 1772 228 MEDtco.

1113 277 1199 308 OBS.
1223 286 1284 312 ¹30·
1305 272 1437 315 Quidam
1466 274 1496 303 in
1518 283 1585 304 arte
1607 275 1745 315 chymica
1772 288 1838 308 ver„

1076 312 1258 349 latissimus,
1290 323 1324 344 ut
1348 312 1531 345 stomachum
1563 314 1718 347 halecibus
1740 317 1840 354 sanis,

1074 364 1110 384 ac
1138 353 1283 385 cerevisia
1314 354 1399 384 tenui
1431 351 1623 386 saburratnm
1664 357 1809 396 depleret
1830 378 1842 395 ,

1074 393 1182 431 gillam
1205 404 1221 424 a
1244 393 1272 425 se
1297 401 1505 432 praeparatam
1536 393 1660 433 sumpsit
1684 419 1692 427 .
1724 397 1840 428 Eodem

1075 433 1125 464 die
1146 433 1277 465 animam
1299 444 1369 464 cum
1392 437 1504 466 vomitu
1527 436 1647 473 ingenti
1670 440 1797 474 expuit-

1116 473 1202 505 sedo
1212 473 1362 505 cadavere
1374 494 1383 510 ,
1395 482 1494 506 totum
1507 473 1750 513 deprehenditur
1765 488 1841 508 ven-

1077 514 1182 545 triculi
1204 524 1319 553 corpus
1340 513 1501 552 adustum3
1525 524 1621 551 atque
1646 515 1842 549 tribusinlo-

1075 556 1121 585 cis
1144 553 1287 586 erosum.
1309 557 1452 586 HENR.
1477 557 1531 586 AB
1553 558 1718 590 HEERS.

1119 638 1203 667 OBS.
1229 646 1294 672 131.
1315 637 1464 666 Matrona
1494 634 1712 674 sexagenaria,
1745 640 1793 670 cui
1825 650 1843 669 a

1077 676 1218 713 pluribus
1245 678 1334 707 annis
1356 686 1388 706 os
1418 673 1552 706 foetebat
1571 697 1580 712 ‚
1611 680 1704 708 dolore
1725 678 1842 711 affiduo

1075 718 1158 746 circa
1183 719 1346 745 ventriculi
1370 717 1525 751 regionem
1548 715 1725 748 laborabat.
1757 721 1842 751 Tan-

1075 755 1145 788 dem
1169 756 1258 794 longo
1281 756 1389 786 morbo
1408 753 1548 785 confecta
1569 766 1585 785 e
1606 759 1669 786 vita
1694 757 1844 790 disceffit.

1117 800 1239 834 Aperto
1262 796 1413 826 cadavere
1438 816 1446 830 ,
1478 796 1618 826 occurrit
1648 798 1846 830 ventriculus

1075 847 1165 868 extus
1189 836 1225 867 ab
1247 839 1331 866 omni
1353 844 1459 873 parte,
1484 833 1770 880 superficietenus,
1793 849 1846 870 ex-

1079 877 1258 909 ulceratus·
1293 877 1536 909 DODONEUS
1558 898 1564 907 .

1121 960 1205 989 osss.
1234 968 1300 993 ¹32·
1322 959 1355 987 In
1378 955 1526 987 cadavere
1545 957 1701 993 cujusdam
1733 958 1786 996 qui
1810 959 1847 990 ab

1081 997 1188 1029 haustu
1217 996 1370 1034 phazmsci
1394 995 1561 1033 corrofivi,
1583 997 1776 1030 atrociffimis
1797 999 1849 1029 tio-

1080 1042 1190 1069 loribus
1213 1036 1390 1074 opp-resshn
1416 1037 1476 1073 post
1501 1037 1622 1074 aliquot
1633 1037 1741 1074 horas,
1759 1043 1847 1077 phre-

1081 1082 1192 1109 niticus
1213 1078 1289 1106 obiit
1308 1090 1318 1107 ‚-
1342 1075 1588 1113 deprehenditur
1615 1079 1753 1109 universa
1777 1088 1849 1109 ven-

1081 1117 1189 1149 triculi
1215 1115 1387 1146 membrana
1410 1116 1536 1146 interna
1557 1116 1641 1148 erosa
1661 1139 1672 1155 ‚
1701 1118 1788 1150 exesa
1810 1117 1847 1151 &

1084 1156 1229 1198 putrida.
1260 1156 1468 1188 PAVVIUS.

1124 1240 1210 1270 088.
1237 1248 1302 1275 ¹33·
1323 1240 1407 1268 Inter
1428 1236 1592 1269 sessionem
1614 1237 1774 1271 cadaveris
1792 1248 1850 1278 pu.

1082 1279 1179 1312 ellae,
1209 1288 1281 1315 quae
1305 1277 1386 1315 apud
1409 1278 1610 1310 mulierculas
1629 1300 1638 1314 ‚
1670 1277 1786 1310 fascino
1807 1281 1852 1310 la-

1085 1316 1200 1349 boraffe
1223 1316 1384 1349 dicebatur
1404 1327 1413 1355 3
1435 1319 1595 1355 reperitur
1619 1320 1815 1351 ventriculus
1839 1341 1848 1356 ‚

1086 1362 1168 1388 circa
1190 1356 1345 1388 orificium
1368 1356 1508 1395 superius
1530 1360 1560 1388 in
1585 1357 1703 1390 duobus
1723 1359 1798 1391 locis
1819 1370 1852 1390 e-
1882 1389 1889 1393 ,

1087 1397 1199 1435 ros1133
1233 1399 1276 1427 ita
1310 1406 1344 1428 ut
1368 1407 1518 1428 venenum
1548 1400 1577 1430 ei
1607 1398 1777 1432 exhibitum
1801 1411 1853 1439 po-

1086 1440 1150 1469 tius
1174 1436 1352 1469 videretur·
1384 1439 1595 1472 PAVVIUS.

1129 1520 1216 1550 0135.
1240 1529 1306 1555 134·
1328 1519 1409 1549 Puer
1431 1516 1577 1550 decennis
1600 1528 1754 1558 perpetuo
1776 1525 1856 1558 tapi-

1088 1564 1129 1591 21'1
1151 1560 1246 1589 dolore
1268 1557 1494 1596 torquebatur3
1523 1568 1585 1595 quo
1606 1558 1727 1592 demum
1749 1559 1854 1591 confe-

1088 1600 1155 1631 ssus
1176 1598 1213 1628 ad
1237 1597 1392 1629 coelestem
1415 1597 1518 1628 aulam
1542 1603 1745 1636 properavit.

1129 1641 1251 1677 Aperte
1273 1637 1420 1669 cadavere
1441 1635 1559 1668 salvum
1591 1641 1750 1677 reperitur
1771 1650 1857 1672 cere-

1088 1680 1177 1712 brum
1200 1688 1209 1716 ·‚
1242 1677 1328 1710 ulcus
1358 1686 1461 1707 autem
1495 1678 1525 1707 in
1546 1681 1722 1712 ventriculo
1750 1679 1858 1719 depre-

1090 1718 1217 1752 hensum
1243 1717 1303 1751 est.
1333 1719 1554 1750 BONETUS.

1130 1802 1217 1832 oBs.
1241 1811 1307 1837 135-
1327 1798 1473 1837 Quaedan
1507 1799 1619 1832 mulier
1640 1799 1791 1832 diuturno
1821 1800 1858 1834 &

1093 1838 1295 1872 molelliffimo
1325 1843 1395 1869 alvi
1427 1841 1518 1879 fluxu
1552 1839 1718 1872 tenebatur
1740 1854 1750 1872 ‚-
1774 1843 1859 1874 inter

1092 1891 1182 1919 quem
1204 1888 1304 1910 morte
1324 1881 1489 1917 repentina
1513 1882 1656 1918 rapitur.

1131 1919 1282 1953 Lustratis
1304 1920 1473 1951 interaneis
1503 1919 1749 1958 deprehenditur
1781 1933 1860 1953 ven-

1092 1961 1228 1993 triculus
1253 1961 1282 1990 in
1307 1959 1360 1991 suo
1381 1958 1478 1992 fundo
1499 1959 1601 1992 ulcere
1621 1961 1748 1994 erosas.
1769 1963 1861 1994 Rlo.

1093 2003 1260 2034 LANUS.

1135 2084 1301 2118 oBs.136.
1324 2082 1357 2111 1n
1380 2080 1529 2113 cadavere
1551 2079 1694 2114 foeminae
1715 2082 1777 2121 post
1796 2081 1863 2113 diu.

1097 2131 1221 2155 turnum
1255 2120 1289 2151 ὃς
1320 2122 1569 2160 inopportunum
1596 2123 1722 2161 spiritus
1743 2126 1862 2153 vitrioli

1095 2165 1181 2200 usum
1206 2160 1331 2193 sublatae
1351 2183 1361 2199 ,
1391 2162 1612 2195 inveniebatur
1642 2164 1747 2194 tunica
1779 2164 1862 2194 inte-

1101 2205 1164 2235 rior
1185 2202 1349 2233 ventriculi
1372 2201 1457 2234 erosa
1481 2202 1515 2236 &
1538 2201 1637 2236 ferme
1660 2202 1840 2242 consumma
1855 2226 1864 2237 .

1100 2244 1350 2278 DORINCIUS
1364 2265 1372 2276 .

1140 2327 1225 2358 OBS.
1240 2335 1305 2369 ¹37.
1328 2327 1413 2357 Inter
1435 2322 1599 2358 sectionem
1619 2323 1741 2362 juvenis
1764 2324 1879 2395 vif-ina

1814 2375 1824 2395 1
