1945 2615
348 65 426 105 168

284 137 363 169 dunt
391 140 484 170 animi
519 139 654 177 deliquia
686 150 745 170 non
774 149 861 170 rara.
894 136 958 168 Post
982 147 1047 173 gra-

129 178 262 224 Renes,
287 188 353 209 vem
376 182 487 211 mentis
509 178 651 211 affectum
673 181 798 210 materia
820 178 985 208 arthritica
1007 175 1044 206 ad

280 225 370 250 artus
397 220 513 258 expelli
545 219 659 253 deliit,·
696 218 770 250 hinc
800 217 1044 257 praecordiorum

281 260 417 298 angustia
449 259 484 291 &¹
506 259 641 298 spirandi
667 258 835 291 difficultas
858 281 864 289 .
894 260 1043 294 Superve-

281 301 372 330 niunt
383 302 486 337 gravis
500 299 610 339 sopor,
631 299 862 333 convulsiones,
884 297 917 328 ὃ(
943 306 1042 326 mors-

323 342 393 371 Ren
416 339 526 371 dexter
545 342 654 378 ingens
673 360 682 375 ,
716 340 812 371 durus
843 337 878 368 ὃς
910 334 1041 367 callosus

279 378 589 419 deprehendebatur3
611 380 698 417 cujus
721 379 822 417 pelvis
842 375 988 407 undecim
1001 376 1040 406 la-

281 420 365 455 pides
387 430 510 457 magnos
532 419 568 452 &
590 419 722 451 ramosos
743 416 926 451 continebat
943 438 951 448 .
973 418 1039 449 CL.

278 462 571 493 MORGAGNUS
582 483 589 492 .

315 544 498 573 oBs.116s.
522 538 899 580 sexagenariusquidam,
923 537 959 571 δε
983 547 1039 576 po-

273 589 359 612 tator
381 582 540 617 strenuus,
563 584 592 611 in
617 586 705 612 urina
721 581 939 618 suppressionem
962 579 1040 608 inci-

274 621 342 657 dit,
362 632 433 653 cum
457 626 569 652 vomitu
591 623 730 656 enormi,
764 624 855 652 dolore
878 631 979 650 renum
1002 618 1037 650 &

273 661 394 693 veficae.
419 665 539 693 Venter
562 659 906 692 flatulentiatumebat,·
932 658 1038 696 pulsus

271 708 339 733 erat
362 701 455 733 durus
477 702 512 735 ὅ(
533 712 666 739 parvus.
690 699 840 732 Incassum
859 701 951 731 variis
974 708 1038 729 ten.

274 744 348 772 tatis
372 741 543 780 praesidiis,
561 744 645 773 intra
668 751 782 781 paucos
803 741 867 772 dies
891 739 1038 778 migravit

271 781 307 812 ad
332 785 464 820 Superos
478 806 485 814 .

311 825 416 853 Renes
439 822 486 854 sex
517 822 551 855 &
583 824 712 859 triginta
746 820 865 861 lapides
897 818 1043 852 reconde-

269 861 342 892 bant
363 884 370 893 .
400 863 507 894 Vesica
537 862 584 893 sex
617 861 777 898 fovebat,·
794 872 925 900 quorum
947 861 1044 897 major

268 901 305 932 ad
331 904 436 933 uncias
458 912 593 940 quatuor
606 902 791 934 accedebat.
814 904 971 933 Praeterea
994 911 1041 931 re-

269 943 435 980 periuntur
457 944 488 972 in
514 942 646 974 velicula
670 941 753 973 fellis
781 941 888 974 decem
911 940 1036 979 pseudo.

268 982 404 1018 calculi,
429 983 573 1014 nucleum
586 983 873 1020 cerafiaequanres.
898 984 922 1014 E
942 983 1037 1013 DlA-

267 1023 347 1055 Rlo
369 1025 564 1055 MEDlCO.

307 1104 394 1133 oBs.
419 1106 506 1138 1169.
530 1103 590 1133 Vir
619 1103 850 1139 duodetriginta
881 1111 1033 1131 annorum

267 1143 382 1179 jamdiu
413 1140 604 1179 querebatur
637 1141 674 1172 de
704 1144 798 1172 dolore
826 1144 968 1180 petitoris,
998 1139 1033 1170 &

263 1179 404 1220 spirandi
426 1180 628 1220 difficultate-3
651 1192 709 1212 non
734 1181 821 1213 secus
843 1190 878 1210 ac
900 1179 937 1210 de
961 1190 1035 1216 quo-

267 1222 336 1253 dam
355 1226 490 1259 ponderis
517 1223 608 1257 sensu
633 1226 662 1251 in
687 1225 862 1257 abdomine,
892 1230 961 1251 cum
987 1232 1034 1249 vo<

267 1268 343 1294 mim
368 1260 450 1300 quali
483 1261 641 1300 periodice
670 1270 876 1292 recurrente.
913 1260 1033 1300 Quibus

266 1302 371 1334 sensim
397 1300 683 1339 ingravescentibus
707 1300 828 1331 tandem
851 1301 962 1330 evivis
983 1298 1020 1328 de

266 1340 369 1376 ceint,
392 1345 496 1380 quovis
519 1352 621 1371 renum
646 1343 740 1370 dolore
765 1348 882 1374 expers·

308 1381 470 1411 pulmones
491 1390 661 1411 occurrunt
682 1378 762 1412 aridi
786 1379 820 1410 &
842 1378 1000 1414 corrugati
1022 1398 1029 1413 ‚

266 1420 301 1453 &
328 1422 433 1459 plevra
457 1419 649 1451 inflammata
670 1443 678 1451 .
708 1423 782 1452 Ren
814 1419 922 1462 dexter⁴
953 1418 1031 1447 mole

264 1462 416 1492 maximus
435 1482 444 1496 ‚
477 1460 511 1491 &
547 1460 629 1497 quasi
654 1460 875 1496 cartilagineus
905 1459 1030 1488 fovebat

265 1502 396 1539 lapidem
421 1499 588 1532 unciassex
605 1499 809 1538 pendentem.
833 1497 937 1530 Vesica
961 1507 1029 1528 erat

262 1544 384 1576 inanis,
409 1540 441 1572 ὃ(
466 1540 597 1571 callosa.
624 1540 720 1572 Nulla
741 1548 809 1569 erat
831 1538 899 1568 bilis
924 1540 953 1567 in
975 1548 1030 1575 cy-

262 1582 299 1614 sti
320 1580 435 1617 fellea.
460 1582 521 1612 EX
545 1583 643 1614 ACT.
666 1581 945 1613 PARISIENSIB.

302 1705 490 1740 OBS.1·170.
512 1704 546 1734 In
571 1703 889 1742 cadaverecujusdam
911 1705 1029 1741 nephri-

260 1746 336 1779 21ci,
357 1742 495 1774 calculus
517 1746 671 1782 reperitur
694 1745 724 1775 in
750 1755 823 1776 rene
845 1743 957 1774 dextro
981 1753 1030 1773 tu-

264 1782 406 1818 berosus,
436 1787 642 1821 prominentia
668 1784 799 1822 quadam
824 1784 955 1821 longiori
980 1783 1031 1813 do-

261 1834 371 1859 natus,
394 1822 427 1854 &
452 1826 482 1854 in
509 1834 663 1856 ureterem
688 1824 907 1863 procumbens.
932 1826 965 1854 ln
986 1824 1030 1853 al-

262 1873 329 1894 tero
353 1874 428 1895 rene
450 1864 510 1896 duo
529 1875 617 1896 erant
640 1866 753 1896 calculi
776 1863 855 1895 fabae
876 1865 1030 1901 maguitu-

259 1903 351 1935 dine.
377 1906 497 1935 Praeter
519 1915 598 1942 quos
620 1908 651 1936 in
675 1915 811 1943 utroque
836 1915 912 1936 rene
937 1905 1030 1933 maxi-

260 1954 305 1973 ma
319 1942 693 1977 adhucera'tcalculorum
717 1948 931 1980 minutorum,
951 1943 985 1974 &
1000 1955 1033 1973 2⁴

261 1984 438 2015 mutilatum
460 1988 548 2024 copia
571 2006 580 2022 ,
609 1996 680 2017 cum
711 1987 846 2018 colluvie
873 1983 971 2015 lutosa
994 1982 1029 2015 &

259 2023 412 2053 sublactea
435 2046 441 2054 .
474 2027 630 2057 Praetetea
656 2036 815 2064 ureteres,
839 2025 873 2057 ὃ(
901 2023 994 2054 vestm
1022 2045 1029 2059 ³

259 2063 394 2093 <alc-ilos
418 2073 541 2101 quoque
565 2067 669 2103 plures
693 2067 726 2099 &
752 2077 861 2106 parvos
881 2063 1027 2097 reconde-

259 2103 351 2134 bant.
374 2105 723 2139 SALTZMANNUS.
965 2124 968 2127 *

300 2185 386 2214 0138.
409 2194 489 2220 1¹7¹·
512 2187 651 2218 Foemina
677 2190 817 2227 quinque
838 2187 872 2219 &
897 2186 1028 2226 triginta

258 2233 411 2254 annorum
434 2228 578 2256 doloribus
591 2232 767 2264 nephrinicis
792 2229 1027 2267 pertriennium

258 2262 410 2309 obnoxia,
434 2274 503 2295 curn
524 2265 643 2297 difficili
666 2267 810 2299 decubitu
834 2270 864 2298 in
889 2268 971 2300 latus
995 2266 1028 2297 si-

258 2303 410 2341 nistrum,
442 2306 576 2341 isthmia
599 2306 634 2339 &
657 2308 796 2347 spirandi
817 2307 996 2346 difficultate
1017 2327 1027 2342 2

658 63 1013 105 LAESIONES
1064 63 1492 114 ABDOMINIS,

1098 147 1168 168 cum
1191 137 1279 176 pulsu
1291 137 1384 169 debili
1404 137 1592 177 corripitur.
1616 137 1780 173 Accedunt
1791 151 1861 174 con-

1100 177 1250 209 vulsiones
1280 177 1408 209 lethales
1423 201 1432 210 .

1139 217 1290 248 Lustratis
1320 219 1489 248 interaneis
1519 219 1549 248 in
1575 220 1774 257 conspectum
1807 231 1860 253 ve.

1096 256 1200 287 niebat
1231 266 1283 287 ren
1315 258 1425 288 dexter
1447 260 1582 295 ingentis
1601 260 1688 290 m'olis
1709 282 1718 297 ‚
1753 261 1787 293 ὅ(
1811 264 1870 292 val

1095 298 1157 327 rios
1177 296 1293 334 lapides
1315 298 1484 339 recondens
1501 318 1511 333 ‚
1542 308 1613 328 cum
1637 302 1782 333 nonnulla
1805 305 1870 340 piu

1093 337 1230 366 rulentia
1253 359 1260 368 .
1296 338 1369 369 Ren
1401 336 1516 369 sinister
1545 337 1723 370 exilissimu‘s
1752 341 1872 379 depre.⁷

1092 374 1240 448 {finditur
1257 399 1265 410 .
1296 380 1356 410 EX
1379 379 1479 410 ACT.
1503 379 1860 414 EDlMBURGENSI·

1127 501 1216 531 OBS.
1249 511 1335 536 1¹72.
1370 503 1405 531 In
1428 499 1574 532 cadavere
1597 500 1774 538 cuiusdam,
1803 503 1860 540 qui

1095 539 1159 576 post
1183 542 1282 570 varios
1303 538 1433 575 isthmia
1454 540 1607 576 insultus,
1629 541 1753 572 tandem
1764 551 1859 573 occu-

1091 578 1179 614 buit,
1201 579 1414 610 inveniebatur
1438 582 1467 610 in
1493 590 1564 610 rene
1585 581 1700 612 sinistro
1721 583 1800 621 lapis
1821 580 1861 612 ad

1091 618 1336 657 magnitudinem
1359 621 1408 649 ovi
1430 619 1589 656 gallinacei
1611 621 1783 658 accedens,
1806 632 1860 653 cu·

1090 658 1135 696 jus
1158 658 1254 689 altera
1283 661 1463 690 extremitas
1487 679 1496 694 ,
1525 661 1736 696 magnitudine
1764 662 1857 700 digiti

1092 699 1293 734 auricularis,
1318 699 1609 737 ureteremingreffa
1634 701 1862 734 urinaedescen.

1090 738 1154 770 sum
1167 737 1363 777 prohibebat.
1390 741 1543 771 Praeterea
1556 748 1688 773 uterque
1699 751 1751 772 ren
1765 743 1857 774 innu-

1094 778 1354 818 merislapillis&
1373 780 1509 811 arenulis
1528 778 1681 814 scatebat.
1697 783 1859 814 SCHEN-

1135 903 1220 933 OBS.
1253 912 1339 939 1¹73·
1369 901 1512 933 Instituta
1538 901 1700 934 cadaveris
1730 902 1860 941 seffione

1090 941 1245 978 cujusdam
1268 942 1380 979 puellae
1402 942 1562 974 duodecim
1581 954 1754 980 annorum,
1775 947 1860 982 epile-

1087 986 1175 1019 pticis
1206 983 1374 1017 insultibus
1406 983 1572 1014 identidem
1603 983 1778 1018 divexatae‚
1811 984 1856 1015 nil

1090 1021 1151 1060 post
1187 1031 1368 1053 accuratum
1398 1032 1523 1054 examen
1547 1025 1711 1054 inventum
1743 1023 1805 1056 fuit
1827 1027 1860 1055 in

1088 1063 1194 1098 capite
1215 1082 1223 1096 ‚
1256 1062 1337 1098 quod
1363 1072 1417 1100 pro
1440 1063 1525 1093 causa
1548 1062 1669 1097 hujusce
1691 1063 1786 1092 morbi
1810 1062 1862 1094 lia-

1089 1099 1154 1130 beri
1179 1099 1276 1137 posset
1296 1123 1303 1131 .
1335 1101 1391 1131 sed
1415 1104 1444 1131 in
1470 1103 1551 1138 pelvi
1578 1104 1661 1131 renis
1683 1102 1788 1132 dextri
1810 1113 1859 1134 re-

1087 1140 1267 1177 periebatur
1291 1141 1492 1177 triangularis
1515 1141 1655 1170 calculus
1678 1162 1687 1176 ‚
1719 1144 1858 1180 quinque

1086 1176 1245 1210 drachmas
1268 1179 1420 1216 pendens.
1442 1182 1499 1212 LA
1523 1182 1685 1212 MOTHE
1700 1205 1707 1213 .

1125 1261 1209 1290 OBS.
1236 1270 1321 1295 ¹¹74-
1344 1259 1478 1301 Quidam
1509 1263 1655 1290 doloribus
1678 1263 1854 1296 nephrioeicts

1087 1296 1120 1328 &
1146 1300 1278 1333 ischum'a
1302 1300 1450 1329 obnoxius
1472 1309 1480 1336 ·,
1512 1303 1594 1331 inter
1616 1299 1767 1332 insultum
1791 1313 1857 1333 ino-

1087 1336 1238 1367 leujflimo
1261 1340 1379 1368 vomitu
1405 1339 1569 1376 stipatum,
1591 1339 1628 1369 de
1641 1343 1798 1378 gravitate
1821 1344 1854 1372 in

1087 1377 1218 1412 lumbis,
1240 1377 1275 1408 Rc
1299 1377 1335 1408 de
1358 1379 1474 1409 tenlivo
1495 1379 1602 1410 dolore
1625 1381 1788 1417 utriusque
1809 1384 1857 1412 in—

1085 1419 1187 1457 guinis
1218 1423 1422 1454 conqueritur
1450 1428 1459 1457 ;
1503 1430 1540 1449 ne
1571 1421 1695 1450 minima
1731 1422 1856 1457 quidem

1086 1456 1221 1490 nieiendi
1246 1459 1421 1497 cupiditate
1444 1481 1451 1490 .
1483 1459 1621 1490 Tandem
1655 1461 1854 1497 quindecimo

1083 1496 1131 1528 die
1154 1497 1343 1536 lethargicus
1365 1500 1460 1529 obiit.

1124 1539 1232 1568 Renes
1253 1540 1458 1570 occurrebant
1473 1538 1758 1577 calculisinfarCli,
1780 1552 1853 1573 cum

1081 1577 1235 1608 obturatis
1258 1579 1452 1615 ureteribus,
1483 1581 1572 1620 {upra
1594 1579 1714 1612 obicem
1736 1581 1853 1616 summe

1082 1617 1235 1650 dilatatis.
1269 1622 1487 1652 SEGERUS.

1125 1705 1210 1735 0138.
1237 1715 1320 1742 ¹¹75-
1343 1704 1474 1735 Cuidam
1496 1705 1663 1740 calculoso,
1685 1705 1767 1734 inter
1786 1711 1853 1740 gra-

1083 1746 1201 1775 viorem
1225 1744 1465 1782 paromsmum,
1499 1746 1599 1776 urina:
1624 1754 1692 1774 mox
1716 1742 1855 1774 substite-

1085 1795 1180 1820 runt,
1202 1795 1271 1815 mox
1298 1784 1544 1822 profluxerunt,
1576 1787 1667 1814 dolore
1690 1782 1851 1814 intenfiffi-

1084 1836 1133 1855 mo
1154 1827 1185 1855 in
1208 1837 1272 1855 rem
1287 1827 1421 1863 finistro.
1448 1823 1584 1856 Tandem
1607 1825 1695 1854 urina
1719 1823 1852 1854 nullate-

1086 1876 1140 1895 nus
1166 1864 1368 1903 proflueme,
1397 1875 1467 1896 cum
1490 1872 1582 1895 crure
1613 1861 1729 1894 finistro
1759 1865 1856 1894 tumi-

1077 1905 1122 1936 ·do
1136 1925 1144 1939 ‚
1168 1904 1261 1936 obiit.

1125 1946 1195 1976 Ren
1225 1945 1338 1976 sinister
1360 1943 1553 1982 praegrandis
1578 1940 1641 1973 fuit
1664 1942 1855 1981 magnitudi-

1085 1986 1131 2016 nis
1154 2007 1163 2022 ,
1207 1995 1278 2015 cum
1309 1987 1426 2022 ingenti
1457 1983 1605 2022 hydatide
1635 1985 1666 2014 in
1699 1982 1852 2022 superiori

1084 2034 1172 2063 parte
1196 2037 1203 2055 :
1240 2026 1339 2054 varios
1361 2023 1479 2061 lapides
1510 2034 1579 2054 cum
1603 2022 1707 2054 sabulo
1724 2024 1852 2063 copioso

1083 2063 1273 2096 recondebat
1294 2086 1301 2095 .
1335 2066 1458 2095 Dexter
1479 2072 1545 2094 erat
1568 2062 1719 2095 flaccidas
1739 2085 1748 2100 ‚
1779 2075 1853 2096 cum

1081 2114 1206 2136 uretere
1231 2103 1345 2142 lapillis
1366 2102 1519 2135 infarsso.
1552 2106 1795 2138 HORSTIUS.·

1120 2188 1206 2218 oBs.
1241 2188 1327 2222 1176.
1357 2186 1492 2229 Quidam
1525 2195 1602 2222 puer
1634 2184 1852 2217 obstrussioni-

1081 2226 1154 2262 bus,
1179 2228 1223 2257 uti
1241 2224 1418 2262 videbatur,
1444 2225 1604 2263 laborans,
1627 2228 1709 2256 inter
1729 2235 1853 2264 praepo-

1082 2268 1155 2298 llera
1187 2265 1321 2297 remedia
1344 2286 1353 2300 ‚
1385 2266 1638 2299 convullionibus
1665 2264 1850 2297 oc'tiduatim

1081 2306 1146 2340 fere
1167 2307 1405 2342 recurrentibus
1433 2309 1629 2346 corripitur,
1660 2316 1728 2338 curn
1751 2308 1852 2337 maxi-

1761 2357 1809 2378 ma
