1945 2615
100 225 240 258 ΡυιΜο-

95 271 161 296 Νεε
171 286 179 297 .

338 107 420 147 304
668 93 1024 134 LAEAEIONES

275 172 342 208 sea,
365 174 500 206 vomitu,
522 168 557 200 ὅ(
579 167 642 199 oris
664 177 819 199 amatore.
844 167 928 198 Dein
950 176 1033 197 acce.

273 213 320 244 dit
341 211 510 245 diarrhaea,
543 218 613 240 cum
639 207 858 245 dejectionibus
881 208 1031 237 vermino-

271 253 307 284 sis
328 275 335 282 .
367 252 462 282 Saevit
491 252 569 280 a'olor
590 253 621 278 in
650 249 808 284 scrobiculo
830 251 941 284 cordis3
973 247 1027 283 qui

271 292 371 330 postea
411 301 464 330 per
494 297 595 320 totum
633 287 779 319 abdomen
812 295 1000 326 propagatur
1020 307 1027 316 .

269 334 332 365 His
354 330 534 370 supervenit
556 328 637 359 dolor
656 331 797 366 peffm’s,
824 337 892 358 cum
911 327 1031 362 spiran.

269 379 322 409 di,
353 371 387 404 &
412 372 594 408 deglutiendt
615 369 796 406 difficultate
814 390 821 397 .
853 367 971 405 Lingua
993 375 1025 394 a·

266 415 334 446 rida
358 411 392 443 &
417 413 504 449 nigra
526 407 652 440 evadit:
672 419 707 439 ac
730 407 850 439 demum
875 414 956 434 nono
977 403 1026 435 die

265 453 408 484 interiit.

307 491 387 526 Vasa
408 489 527 522 cerebri
557 489 701 526 sanguine
732 484 898 524 turgebant
919 506 927 515 .
957 483 1030 514 Pul-

265 545 317 566 mo
338 533 450 563 dexter
479 538 545 561 erat
569 528 773 567 purulentus,
804 525 837 556 ὅ(
860 533 1027 562 gangraena

265 573 389 606 tactus:
419 570 533 602 sinister
557 567 767 598 inflammatus
790 564 823 596 &
850 565 1026 602 nigricanw

265 625 302 645 ac
324 610 464 644 nonnihil
487 608 692 648 purulentus.
715 608 870 636 Praeterea
889 604 1030 635 occurrit

266 651 417 693 phlogofis
445 653 476 682 in
519 657 652 684 utroque
682 645 850 677 ventriculi
879 642 1000 675 orificio
1022 662 1031 670 ·

265 693 416 726 Intestina
447 687 549 727 passim
580 681 772 717 inflammata
795 707 804 720 ,
835 683 961 722 putrida
991 681 1027 715 δε

265 729 463 773 gangraenosa
494 726 695 758 observantur
716 750 723 758 .
765 728 873 763 Hepar
901 723 1028 754 demum

265 782 359 812 putre
388 770 422 802 &
457 769 612 806 nigricans
644 766 858 805 conspicitur.
887 766 913 796 E
935 765 1029 796 DlA-

265 816 345 847 RIO
367 810 561 844 MEDICO.

306 896 393 926 OBS.
416 901 482 929 305·
505 887 698 921 Muliercula
732 886 768 917 ab
791 885 948 924 inspiratis
967 883 1028 916 for·

269 943 301 966 te
326 932 492 971 vaporibus
516 930 641 964 lixivii,
669 930 700 959 in
721 930 842 965 peftoris
864 929 1029 964 angustiam

266 972 401 1008 incidit,
430 980 500 1008 quae
522 969 559 1000 ad
591 966 785 1007 septennium
805 965 898 1004 usque
921 965 1033 1004 perdu-

267 1016 374 1046 ravit.
403 1011 548 1049 Contigit
581 1008 704 1041 tandem
726 1018 796 1038 cum
820 1006 894 1038 bene
914 1005 1032 1037 satura-

266 1064 318 1090 ta,
341 1052 379 1084 de
399 1049 501 1082 mensa
521 1049 661 1082 cubitum
685 1057 805 1087 peteret
825 1067 834 1083 ‚
866 1054 900 1076 ut
923 1055 1031 1084 magna

267 1094 400 1133 pefioris
423 1090 615 1129 oppreffione
632 1091 866 1127 corriperetur,
887 1085 921 1118 ἀ
946 1086 1032 1117 brevi

266 1134 303 1166 ad
326 1134 432 1171 plures
453 1133 600 1169 migraret
614 1152 622 1161 .

308 1173 394 1203 Seflo
415 1170 566 1199 cadavere
588 1168 804 1198 inveniebatur
827 1165 952 1202 pulmo,
981 1175 1033 1196 co-

265 1215 335 1245 lore
356 1207 454 1240 livido
473 1206 512 1237 ad
537 1209 659 1243 nigrum
682 1213 829 1242 vergente
846 1224 856 1239 ‚
888 1206 1032 1241 inquina-

265 1261 339 1284 tus.
361 1246 459 1281 Incisa
481 1244 607 1278 trachea
627 1244 664 1274 ad
687 1244 834 1280 broncia,
855 1251 1031 1274 occurrunt

261 1300 362 1332 prope
382 1294 501 1319 meatus
523 1285 700 1325 pulmonum
723 1283 903 1314 carunculae
925 1293 1031 1320 quarn,

264 1332 411 1371 plurimae
434 1328 551 1366 nigrae,
575 1327 605 1355 in
619 1323 741 1355 modum
754 1331 920 1360 parvarum
942 1322 1030 1358 glan-

264 1372 430 1404 dularum,
460 1366 616 1405 pisorum,
640 1364 687 1394 vel
709 1362 849 1393 fabarum
875 1362 1032 1397 magnitu-

263 1412 368 1443 dinem
390 1407 606 1444 aequantium,
629 1412 683 1434 aut
702 1401 939 1438 excedentium3
961 1409 1032 1436 quae

263 1451 444 1490 pulmonum
469 1444 580 1476 fistulas
602 1442 750 1482 replendo
765 1463 773 1477 ‚
797 1440 926 1471 liberum
950 1442 1032 1470 aeris

261 1486 648 1524 introitum,&exitum‚
666 1480 896 1521 impediebant.
918 1480 1031 1511 HOR-

263 1532 401 1563 STIUS.

305 1613 400 1644 OBS.
423 1611 491 1646 306.
510 1605 640 1649 Quidam
661 1627 671 1643 ,
702 1605 830 1635 ineunte
843 1602 926 1640 febre
948 1604 1036 1632 mali-

259 1665 322 1692 gna
353 1650 528 1689 epidemica
549 1669 558 1683 ,
592 1648 763 1682 cardialgia
785 1644 910 1674 immani
945 1652 1035 1672 vexa-

264 1695 375 1726 batur,
399 1698 491 1727 quam
515 1686 688 1723 sequuntur
712 1685 790 1722 tuffls
812 1682 934 1715 molesta
954 1703 964 1718 ,
995 1680 1031 1714 ὅ(

259 1729 403 1771 spirandi
426 1728 593 1766 dffficul'M
611 1749 617 1757 .
653 1728 753 1763 Urget
786 1726 894 1754 lateris
927 1725 1003 1753 dolor
1021 1742 1031 1757 ,

263 1782 333 1805 cum
356 1770 447 1808 sputo
469 1767 584 1799 viscido
605 1765 639 1798 ὅ(
659 1773 812 1797 cruento.
834 1763 1035 1808 Urinaemin-

261 1819 378 1852 guntur
400 1807 534 1840 turbidae
556 1806 591 1839 ὃ(
615 1806 785 1838 albicantes
801 1827 809 1835 .
841 1803 951 1834 Tertio
983 1801 1033 1833 die

265 1857 418 1890 ingruunt
443 1848 585 1885 nauseae;
607 1847 641 1879 &
666 1845 798 1877 inflatur
823 1844 908 1882 regio
928 1843 1033 1881 epiga-

264 1893 355 1924 ssrica
378 1911 388 1927 ‚
418 1899 489 1920 cum
513 1889 578 1918 alvi
602 1886 692 1917 fluxu
726 1886 880 1916 immani.
910 1884 1032 1925 Quinto

264 1937 348 1966 inter
371 1928 585 1961 convulsiones
605 1937 622 1957 e
646 1929 726 1958 vivis
750 1925 892 1956 tollitur.

318 1969 525 2003 Ventriculus
548 1970 661 2006 partim
693 1964 908 2005 gangraenosus
939 1961 1036 1996 collu-

266 2012 345 2041 viem
367 2009 557 2041 subviridem
580 2007 615 2039 &
641 2004 860 2045 putidiffimam
891 2007 1032 2036 contine-

266 2050 339 2081 bat.
362 2050 506 2081 Intestina
528 2047 698 2080 flatulenta
722 2046 890 2078 nonnullas
908 2044 1032 2076 inflam-

266 2091 414 2121 mationis
434 2098 522 2121 notas
549 2087 748 2120 ostendebant
765 2108 773 2116 .
804 2088 915 2123 Hepar
937 2083 1033 2116 infar-

269 2129 348 2162 aum
369 2128 613 2167 deprehenditur
632 2149 641 2164 ,
663 2138 733 2158 cum
755 2127 831 2164 cyssi
854 2125 944 2156 fellea
966 2127 1030 2156 ina-

268 2172 332 2200 ni.
361 2169 524 2200 Pulmones
556 2179 630 2199 vero
661 2177 827 2206 gangraena
859 2166 932 2197 taffl
965 2165 1031 2197 sero

269 2208 357 2241 fusco
377 2207 411 2240 δε
434 2206 546 2239 faetido
567 2208 766 2239 innatabant.
787 2209 928 2239 ROZE.

306 2291 392 2321 oBs.
415 2298 482 2325 307.
502 2286 634 2330 Quidam
657 2287 694 2318 de
713 2287 833 2318 intenso
853 2290 960 2317 lateris
980 2290 1026 2317 do-

267 2333 325 2362 lore
346 2328 574 2367 conqueritur,
593 2326 666 2361 adeo
690 2335 723 2358 ut
745 2325 811 2360 fere
834 2328 958 2359 omnino
980 2332 1026 2358 in-

1075 91 1453 143 PECTORIQ

1086 169 1275 203 terciperetur
1297 167 1450 203 respiratio
1469 187 1479 202 ‚
1507 166 1620 198 comite
1642 167 1686 199 siti
1709 168 1842 199 inextin.

1084 204 1211 243 guibili,
1231 215 1302 236 cum
1324 207 1523 244 ardentiffima
1539 207 1639 244 febre.
1663 210 1842 239 Summain-

1085 244 1271 281 quietudine
1302 245 1531 282 torquebatur:
1561 246 1706 283 algebant
1736 256 1844 279 extre-

1081 294 1146 318 ma,
1169 283 1203 314 δε
1225 286 1365 321 corporis
1386 284 1506 316 habitus
1525 305 1534 321 ,
1566 296 1636 317 cum
1659 287 1771 325 linguae
1794 290 1842 319 ni-

1080 323 1225 362 gredine.
1247 323 1394 354 Postridie
1416 336 1432 354 a
1453 324 1598 356 decubitu
1623 325 1718 357 obiit.

1119 362 1274 395 Reserate
1294 363 1465 399 cadavere,
1486 363 1644 402 sequentia
1673 365 1843 404 deprehen.

1079 402 1108 434 sa
1131 402 1201 434 sunt
1221 425 1230 435 .
1259 402 1405 434 Vesicula
1430 402 1514 435 fellis
1536 406 1606 443 plus
1628 415 1720 443 aequo
1741 414 1845 444 turge-

1080 443 1132 473 bat
1151 466 1159 474 .
1178 444 1254 474 Lien
1279 444 1387 480 ingens
1407 452 1474 474 erat
1495 442 1531 476 <Sc
1553 444 1745 477 duriffimus.
1768 445 1842 475 Pul-

1081 491 1131 513 mo
1154 482 1268 513 sinister
1287 483 1426 519 lividus,
1446 485 1545 521 putris
1567 484 1755 524 &sphacelo
1775 495 1845 516 cor-

1081 522 1341 593 iiifflizlilicviii
1364 525 1460 593 {Sim
1482 523 1674 594 ss²bif²⁶³⁰ae
1692 523 1842 594 5⁰35*

1152 584 1159 592 ι
1426 574 1433 592 1
1462 574 1478 593 fl
1552 575 1657 595 umore
1706 575 1740 595 ΟΥ
1765 577 1771 594 1
1797 574 1815 594 0

1084 601 1119 633 &
1144 606 1230 639 puris
1253 600 1383 639 speciem
1408 574 1472 638 ρι-ἶιε
1494 602 1523 634 se
1555 602 1678 637 ferente
1700 625 1710 640 ‚
1742 584 1838 635 state:

1088 641 1181 673 bant.
1203 642 1479 673 CRAMERUS.

1122 725 1295 770 0332303·
1316 721 1448 766 Quidam
1481 734 1497 754 a
1521 732 1649 763 parente
1681 724 1844 764 podagrico

1081 772 1168 794 ortus
1189 773 1272 793 circa
1294 766 1399 794 aetatis
1423 774 1536 796 annum
1556 765 1847 802 trigesimumquin-

1082 811 1148 834 tum
1164 823 1173 839 ,
1195 805 1340 834 doloribus
1361 807 1532 835 arthritici:
1563 804 1701 836 infestari
1722 806 1846 842 coepitr

1080 854 1098 873 a
1123 842 1234 880 quibus
1256 851 1291 873 ut
1316 843 1501 875 liberaretur
1532 845 1702 883 emplastris
1725 843 1848 881 quibus-

1082 882 1172 918 dam,
1196 893 1211 912 a
1230 881 1378 921 chirurgo
1399 884 1529 920 oblatis,
1552 885 1659 916 abusus
1677 884 1788 915 incidit
1811 885 1842 914 in

1075 923 1187 961 febrem
1208 927 1360 966 ardentem
1384 944 1394 959 ,
1424 924 1604 962 pulmonum
1636 927 1845 965 inflammatae,-

1083 975 1140 1000 ne,
1161 965 1208 1010 uti
1233 962 1394 1010 videbatur
1415 984 1425 1000 ,
1447 964 1587 1002 stipatam
1607 984 1617 1000 ‚
1639 975 1698 1003 qua
1720 961 1847 996 suffocat.

1085 1011 1135 1035 tus
1158 1011 1302 1034 interut.

1125 1045 1210 1075 Inter
1231 1042 1393 1075 sectionem
1421 1043 1582 1077 cadaveris
1599 1066 1608 1081 ,
1637 1043 1700 1076 sese
1728 1043 1844 1076 obtulit

1085 1083 1194 1122 pulmo
1216 1085 1322 1121 niger,
1345 1084 1485 1123 adeoque
1509 1085 1675 1123 tumidus;
1699 1092 1734 1115 ut
1757 1092 1861 1114 natu·-

1085 1123 1143 1154 rali
1167 1123 1219 1154 suo
1241 1123 1329 1155 reddi
1355 1135 1413 1155 non
1439 1127 1577 1163 potuerit
1600 1124 1754 1163 hospitio.
1784 1126 1850 1155 He-

1086 1173 1142 1201 par
1164 1172 1307 1200 magnum
1341 1164 1471 1202 plurimo
1501 1167 1589 1202 nigro
1607 1164 1753 1202 sanguine
1772 1173 1848 1193 con.

1083 1201 1221 1239 spersum
1243 1204 1458 1241 reperiebatur
1475 1213 1545 1233 cum
1568 1203 1642 1239 cysti
1661 1201 1753 1232 fellea
1762 1203 1857 1233 omni·

1084 1241 1144 1272 bile
1161 1240 1306 1273 destituta
1319 1262 1329 1278 ‚
1349 1242 1385 1274 ἀ
1409 1242 1501 1281 plane
1521 1244 1606 1273 inani
1625 1265 1633 1275 .
1657 1243 1763 1274 ANT.
1785 1244 1847 1274 DE

1084 1281 1228 1312 Pozzls
1241 1303 1248 1312 .

1123 1360 1209 1391 OBS.
1233 1369 1301 1395 309.
1323 1361 1385 1390 Vir
1415 1359 1630 1399 sexagenarius
1656 1361 1691 1394 δε
1711 1360 1818 1394 obesus
1842 1384 1852 1400 ,

1084 1402 1225 1429 catarrho
1255 1397 1293 1428 ad
1322 1397 1426 1436 pestus
1456 1399 1601 1437 fluenti,
1632 1400 1667 1432 &
1691 1404 1849 1439 orthopnce

1084 1438 1237 1470 obnoxius
1255 1457 1265 1473 ,
1297 1447 1356 1468 non
1387 1438 1473 1471 secus
1505 1451 1541 1471 ac
1562 1453 1603 1471 cor
1617 1452 1655 1471 m
1674 1445 1851 1479 palpitatio-

1085 1482 1173 1510 nibus
1193 1487 1203 1515 ·,
1226 1476 1485 1511 haemorrhoidum
1509 1479 1594 1512 fluxu
1618 1480 1825 1518 prehenditur
1840 1504 1851 1521 ‚

1084 1529 1155 1550 cum
1179 1517 1336 1564 ¹ademare
1365 1528 1491 1550 crurum
1520 1540 1530 1555 ‚
1564 1523 1682 1551 ventris
1715 1524 1851 1553 intume-

1083 1557 1226 1593 scentia,
1253 1557 1287 1589 ὅ(
1312 1557 1399 1596 pulsu
1424 1560 1572 1597 inaequali
1593 1582 1600 1592 .
1621 1563 1703 1592 Dein
1727 1562 1850 1593 accedit

1088 1598 1188 1637 frigus
1210 1597 1388 1634 horridum,
1410 1595 1717 1637 subsequentemlora
1732 1602 1856 1640 febrili,

1088 1642 1142 1676 qui
1175 1640 1205 1668 in
1238 1637 1379 1669 sudorem
1400 1637 1576 1671 solvebatur
1595 1661 1604 1676 ‚
1633 1651 1702 1672 cum
1735 1641 1850 1674 summa

1090 1681 1205 1710 virium
1228 1676 1434 1716 prostratione
1453 1702 1460 1710 .
1489 1683 1613 1712 interea
1634 1691 1707 1712 crus
1727 1682 1850 1714 invadit

1086 1717 1259 1757 erysipela,
1280 1728 1350 1749 cum
1371 1717 1595 1756 somnolentia,
1619 1731 1710 1758 quam
1732 1724 1850 1761 excipit

1089 1759 1208 1790 lethum
1224 1781 1231 1790 .

1128 1799 1270 1831 Examini
1293 1800 1468 1830 anatur-nico
1478 1799 1608 1838 subjecto
1627 1811 1772 1840 corpore,
1797 1809 1848 1839 pa-

1088 1848 1133 1870 tet
1155 1849 1246 1876 aquae
1269 1841 1355 1877 copia
1382 1839 1520 1877 stagnans
1537 1845 1567 1871 in
1579 1842 1756 1873 abdomine.
1779 1842 1850 1872 J‘nl-

1087 1889 1190 1910 mones
1212 1881 1296 1910 intus
1318 1878 1351 1910 ἃ
1375 1889 1468 1910 extus
1490 1882 1681 1918 nigricabant
1699 1903 1706 1911 .
1729 1883 1790 1911 Coi
1815 1892 1848 1911 in

1088 1929 1224 1957 utroque
1254 1917 1389 1950 thalamo
1416 1924 1647 1953 concretionem
1671 1919 1847 1958 polyposam

1087 1958 1293 1992 recondebat.
1316 1961 1518 1993 SMETIUS.

1125 2043 1212 2072 oBs.
1234 2050 1302 2077 309.
1323 2040 1390 2078 (a)
1412 2039 1579 2083 Quemdam
1605 2040 1703 2078 febris
1724 2041 1848 2074 invadit

1084 2092 1154 2114 cum
1178 2083 1271 2111 dolore
1294 2084 1402 2110 lateris
1425 2082 1588 2118 pungitivo
1609 2101 1618 2116 ,
1654 2081 1848 2118 respiratione

1077 2124 1236 2162 frequenti
1257 2139 1265 2155 ,
1290 2122 1409 2163 vomitu
1430 2119 1534 2151 bilioso
1555 2142 1564 2157 ,
1595 2120 1787 2159 cephalalgia
1811 2121 1848 2155 δε

1084 2164 1316 2194 anxietatibus.
1338 2160 1423 2191 Dein
1445 2170 1612 2198 erumpunt
1630 2163 1723 2199 sputa
1745 2173 1849 2193 cruen-

1081 2214 1115 2234 ta
1130 2223 1138 2236 ‚
1159 2199 1331 2238 rubiginosa
1356 2199 1391 2232 ὃ(
1414 2197 1589 2232 fluidiffima
1610 2225 1618 2234 .
1651 2204 1772 2244 Quarto
1794 2202 1844 2234 die

1079 2243 1166 2274 dolor
1189 2238 1367 2278 evanescit3
1389 2238 1480 2277 sputa
1496 2241 1663 2280 copiosiora
1687 2238 1850 2281 fiuntspu-

1078 2282 1184 2314 mosa.
1215 2279 1368 2311 Postremo
1399 2289 1563 2318 praeeunte
1593 2282 1705 2315 obtutu
1739 2292 1848 2321 vago,

1078 2320 1198 2354 accedit.
1221 2323 1358 2354 delirium
1380 2319 1511 2355 lethale.

1714 2362 1807 2396 Alter
