1945 2615
532 75 774 118 LIBER
843 70 1171 112 PRIMUS.

70 215 208 234 “
358 206 1170 254 ARTICULUS

1533 81 1583 121 37

1681 195 1799 223 OMEN·

1666 240 1744 265 tum
1755 251 1763 262 .

1290 204 1349 243 11.

495 330 697 370 omentum
728 324 977 383 hydatidibus
1008 319 1188 379 refertum
1203 349 1212 360 .

110 477 193 508 OBS.
227 485 294 512 223.
329 474 474 506 Instituta
505 473 668 507 cadaveris
705 472 837 505 sectione

71 514 227 554 cujusdam
257 514 470 550 mulierculae,
501 515 681 554 jamdudum
710 516 835 550 ascitica

69 564 185 594 praeter
214 555 372 592 ingentem
403 554 543 588 colluviei
577 554 683 587 serosae
715 555 835 592 copiam

71 597 103 626 in
124 593 285 626 abdomine
314 594 521 633 stagnantem,
554 603 664 627 notatu
684 593 784 632 dignae
806 590 836 623 se

889 470 1070 502 obtulerunt
1102 468 1273 497 innumerae
1295 462 1462 500 veliculae,
1495 462 1580 495 intra
1602 471 1652 502 pe-

888 511 1039 542 culiarem
1069 506 1247 546 pelliculam
1280 514 1335 543 per
1357 503 1386 535 se
1408 513 1518 541 aquam
1549 504 1653 534 conti-

890 560 1018 585 nentes,
1048 557 1118 585 quae
1140 556 1196 584 per
1217 544 1412 576 substantiam
1444 545 1562 576 omenti
1592 541 1653 573 dis.

890 591 985 629 persae
1008 586 1233 620 occurrebant.
1256 585 1432 617 BOSCUS.

118 686 1160 712 vinosozouoszououovououomoaoaouoaouomoaououowoum
1170 682 1606 702 zoa-atonzooxuonououonoz

353 768 1165 816 ARTICULUS

1287 768 1392 807 111.

697 888 850 932 Omenti
882 885 1041 943 hydrops
1053 913 1064 925 .

119 1042 204 1071 0135.
236 1050 304 1074 224.
342 1037 475 1081 Quidam
514 1038 597 1069 circa
629 1035 842 1074 quinquagefi.

80 1091 163 1110 mum
194 1080 297 1110 aetatis
325 1089 437 1110 annum
458 1099 466 1113 ‚
498 1081 589 1112 ascite
624 1079 657 1112 ώ-
688 1077 840 1110 anasarca

80 1129 139 1156 ope
162 1121 223 1149 vini
246 1118 380 1148 scillitici
405 1125 532 1147 curatus
553 1115 592 1146 est
614 1127 620 1145 z
651 1114 699 1144 sed
723 1124 840 1144 reman-

81 1158 116 1188 fic
143 1157 180 1187 ad
212 1156 344 1188 fundum
379 1155 549 1187 ventriculi
581 1153 723 1191 quaedam
755 1153 841 1183 duri-

83 1201 141 1227 ties
163 1196 340 1228 immobilis.
373 1195 437 1227 Post
464 1194 628 1225 nonnullas
659 1192 840 1228 septimanas

83 1240 255 1268 revertitur
278 1236 401 1267 morbus
412 1245 483 1266 cum
494 1234 682 1272 stranguria.
696 1235 843 1271 paracen-

81 1275 135 1307 tefi
159 1275 342 1313 prodierunt
367 1276 452 1306 librae
474 1274 628 1312 odioginta
650 1282 741 1309 aquae
763 1275 844 1302 crai-

82 1315 124 1347 sae
147 1315 181 1347 &
205 1316 323 1347 rubrae.
357 1317 458 1347 Postea
479 1324 576 1345 tumor
606 1313 701 1343 durus
725 1311 758 1343 ὃς
782 1322 844 1341 ma-

85 1357 132 1392 jor
153 1366 246 1393 quam
266 1365 377 1392 antea,
408 1360 439 1385 in
461 1358 610 1394 epigastrio
643 1351 846 1389 tangebatur.

85 1395 151 1426 Post
175 1395 327 1431 mensem,
359 1396 476 1426 ventris
497 1394 590 1425 moles
613 1391 646 1424 &
671 1396 762 1422 anxia
785 1390 846 1422 res—

83 1437 198 1473 piratio
221 1436 352 1466 alteram
374 1433 593 1474 paracentefirn
623 1431 816 1470 expostulant
839 1440 849 1468 3

85 1474 120 1506 &
143 1475 251 1506 eadem
282 1485 372 1512 aquae
394 1476 554 1511 quantitas
583 1472 748 1502 educitur.
781 1470 846 1501 Post

86 1514 248 1552 septimam
271 1514 406 1551 denique
419 1511 636 1552 paracentefim
663 1519 769 1541 venter
782 1510 847 1540 lon-

86 1563 123 1590 ge
146 1556 239 1585 citius
263 1556 423 1591 increvit·⁷
453 1552 486 1584 &
510 1552 694 1583 accedebant
718 1549 849 1584 horror,

85 1591 180 1638 febris
212 1594 245 1624 &
269 1593 391 1624 sudores
414 1593 574 1624 noChaerni.
608 1593 781 1629 Appetitus
812 1589 847 1621 &

88 1642 171 1663 vires
190 1642 403 1663 evanuerunt.
434 1635 516 1663 Dein
539 1632 577 1662 ob
599 1640 754 1661 enormem
778 1639 849 1660 ven-

895 1035 953 1066 tris
985 1032 1093 1064 molem
1125 1027 1275 1061 necess'um
1306 1027 1367 1060 fuit
1389 1035 1424 1059 ut
1455 1025 1491 1059 ad
1523 1026 1661 1058 oCiavam

895 1075 1107 1111 operationem
1128 1070 1332 1099 deveniretur
1348 1088 1356 1102 ‚
1389 1077 1450 1103 qua
1475 1066 1658 1103 prodierunt

893 1120 1018 1143 centum
1043 1109 1131 1139 librae
1155 1116 1245 1143 aquae
1270 1105 1421 1136 turbidae.
1455 1104 1592 1136 Tandem
1616 1106 1662 1136 vi-

894 1151 978 1182 ribus
1000 1149 1092 1187 plane
1115 1145 1258 1183 collapsis
1281 1145 1378 1176 obiit.

934 1190 1108 1227 Reperitur
1120 1193 1277 1217 omentum
1300 1184 1337 1215 ad
1364 1183 1477 1222 pelvim
1500 1183 1597 1221 usque
1616 1194 1667 1215 ex.

897 1229 1036 1264 tensum,
1061 1225 1252 1258 craffiinstar
1273 1224 1349 1255 sacci
1374 1225 1492 1255 tenacis
1514 1222 1550 1255 &
1573 1234 1665 1254 mem-

898 1270 1060 1304 branacei,
1083 1268 1172 1304 cujus
1196 1275 1264 1303 pars
1286 1267 1424 1296 anterior
1458 1262 1667 1301 undequaque

899 1305 1217 1349 peritoneoadhaefit,
1239 1304 1384 1343 posterior
1409 1303 1480 1334 hinc
1502 1303 1574 1334 inde
1595 1313 1666 1334 cum

899 1349 1051 1382 intestinis
1080 1346 1261 1378 concrevit.
1294 1343 1426 1376 Discisso
1456 1344 1542 1375 sacco
1574 1342 1669 1373 effla.

900 1391 948 1421 xit
970 1397 1049 1425 aqua
1073 1384 1193 1427 copiosa
1217 1385 1310 1415 rubra
1334 1384 1368 1415 δε
1392 1383 1527 1414 foetida-
1550 1385 1668 1414 Praete-

901 1440 950 1461 rea
973 1426 1321 1459 recondebattumorem
1344 1423 1586 1455 steatomatosum
1608 1422 1672 1452 duo

901 1470 934 1501 &
959 1468 1071 1505 viginti
1095 1466 1188 1497 libras
1211 1462 1454 1502 ponderantem.
1476 1465 1510 1493 In
1535 1470 1673 1498 utroque

900 1508 1032 1547 pectoris
1063 1516 1137 1536 cavo
1179 1503 1310 1535 multum
1346 1503 1502 1541 stagnabat
1541 1501 1642 1533 serum
1662 1523 1671 1533 .

900 1549 1034 1580 CLAR.
1057 1545 1252 1577 sToRCK.

942 1590 1016 1619 Huc
1058 1588 1218 1624 pertinent
1260 1582 1488 1615 observationes
1523 1580 1610 1614 Libri
1651 1582 1679 1612 1.

905 1632 1003 1664 16943
1029 1630 1117 1662 1697.
1140 1624 1226 1656 Libri
1249 1626 1301 1655 ΙΙΙ.
1325 1634 1391 1660 371.

96 1730 224 1747 *onesta
231 1729 356 1747 cuono
361 1731 402 1747 ιθ.
411 1721 1407 1747 o‘touoxosv-ostoneaosso‘offououossoaowouououossoaouo«
1413 1714 1621 1740 ιοςιθιῑῶιοϊό
1634 1718 1678 1734 tow

358 1811 687 1852 ARTI

750 1803 1182 1849 CULUS

1320 1803 1418 1843 IV.

596 1928 803 1967 Omentum
833 1923 942 1981 adipe
974 1920 1147 1962 obrutum
1166 1945 1182 1961 α

133 2081 217 2111 oBs.
254 2088 320 2116 ης.
362 2077 502 2123 Quidam*
544 2074 743 2107 asthmaticus
773 2072 862 2106 vehe-

93 2120 237 2150 mentiori
254 2121 389 2156 spirandi
407 2120 591 2157 difficultate
608 2117 781 2153 corripitur
796 2125 864 2151 pau-

93 2159 122 2188 lo
147 2158 208 2197 post
228 2168 349 2190 coenam
363 2182 370 2190 .
402 2162 504 2197 AEgre
525 2156 563 2188 ad
584 2156 686 2187 cubile
716 2154 864 2185 deducitis

95 2197 126 2229 se
149 2198 283 2229 reclinat
302 2198 339 2228 ad
361 2198 480 2237 sedem3
514 2196 549 2229 &
571 2195 721 2233 respirare
753 2193 863 2226 desiit.

137 2241 260 2277 Aperto
281 2236 464 2274 abdomine,
489 2238 636 2277 apparuit
647 2233 802 2274 pinguedo
816 2242 864 2264 to-

98 2287 165 2309 tum
187 2288 302 2317 corpus
312 2279 426 2309 circum
436 2280 520 2310 eima
540 2275 698 2311 obsidens,
720 2273 757 2305 ad
768 2275 866 2305 trium

85 2319 265 2358 digitorum
298 2317 549 2350 transversorum
572 2314 794 2354 altitudinem.
823 2317 871 2345 0-

916 2078 1054 2103 mentum
1076 2067 1168 2108 adipe
1185 2062 1331 2100 obrutum
1354 2065 1450 2106 libras
1477 2064 1607 2105 triginta
1629 2062 1682 2099 de*-

917 2110 1044 2150 pendit.
1068 2112 1175 2149 Hepar
1197 2117 1267 2139 erat
1289 2107 1458 2145 grandius⁷
1485 2105 1562 2139 Lien
1586 2109 1685 2146 triplo

917 2151 1040 2188 major3
1074 2151 1105 2180 in
1135 2149 1223 2188 gibba
1255 2156 1345 2186 parte
1366 2149 1493 2179 omnino
1522 2146 1625 2180 osseus
1639 2147 1688 2178 de-

918 2189 1147 2230 prehenditur,
1166 2188 1369 2220 BONETUS
1389 2207 1398 2215 -

964 2273 1050 2303 0138.
1073 2274 1142 2301 226.
1173 2268 1295 2300 Mulier
1324 2267 1489 2300 macilenta
1521 2267 1556 2300 ὃς
1579 2265 1690 2297 debilis

927 2321 1068 2342 tumorem>
1090 2309 1230 2349 gustabat
1258 2313 1292 2339 in
1324 2308 1500 2346 abdomine,
1532 2306 1692 2350 praecipue

1591 2355 1654 2377 mr-

1125 2399 1143 2411 a*
